<?xml version="1.0" encoding="UTF-8"?>
<record>
  <leader>01711nam#a2200469#cb4500</leader>
  <controlfield tag="005">20230126112200.0</controlfield>
  <controlfield tag="007">tu</controlfield>
  <controlfield tag="008">070309|2007####gw############|||#|#ger#c</controlfield>
  <controlfield tag="003">DE-605</controlfield>
  <controlfield tag="001">990156060190206441</controlfield>
  <datafield tag="015" ind1=" " ind2=" ">
    <subfield code="a">07,A44,0065</subfield>
    <subfield code="z">07,N12,0056</subfield>
    <subfield code="2">dnb</subfield>
  </datafield>
  <datafield tag="016" ind1="7" ind2=" ">
    <subfield code="a">162453654</subfield>
    <subfield code="2">OCoLC</subfield>
  </datafield>
  <datafield tag="016" ind1="7" ind2=" ">
    <subfield code="a">983245525</subfield>
    <subfield code="2">DE-101b</subfield>
  </datafield>
  <datafield tag="020" ind1=" " ind2=" ">
    <subfield code="a">9783934997158</subfield>
    <subfield code="c">kart. : EUR 29.50</subfield>
    <subfield code="9">978-3-934997-15-8</subfield>
  </datafield>
  <datafield tag="020" ind1=" " ind2=" ">
    <subfield code="a">3934997155</subfield>
    <subfield code="c">kart. : EUR 29.50</subfield>
    <subfield code="9">3-934997-15-5</subfield>
  </datafield>
  <datafield tag="024" ind1="3" ind2=" ">
    <subfield code="a">9783934997158</subfield>
  </datafield>
  <datafield tag="035" ind1=" " ind2=" ">
    <subfield code="a">(DE-605)HT015014677</subfield>
  </datafield>
  <datafield tag="040" ind1=" " ind2=" ">
    <subfield code="c">DE-605</subfield>
    <subfield code="a">832</subfield>
    <subfield code="b">ger</subfield>
    <subfield code="d">466</subfield>
    <subfield code="e">rakwb</subfield>
    <subfield code="d">DE-605</subfield>
  </datafield>
  <datafield tag="041" ind1=" " ind2=" ">
    <subfield code="a">ger</subfield>
  </datafield>
  <datafield tag="044" ind1=" " ind2=" ">
    <subfield code="c">XA-DE</subfield>
  </datafield>
  <datafield tag="082" ind1="0" ind2="4">
    <subfield code="a">025.52068</subfield>
    <subfield code="2">DDC22ger</subfield>
  </datafield>
  <datafield tag="084" ind1=" " ind2=" ">
    <subfield code="a">560</subfield>
    <subfield code="2">rpb</subfield>
  </datafield>
  <datafield tag="084" ind1=" " ind2=" ">
    <subfield code="a">020</subfield>
    <subfield code="2">z</subfield>
  </datafield>
  <datafield tag="084" ind1=" " ind2=" ">
    <subfield code="a">AN 76400</subfield>
    <subfield code="2">rvk</subfield>
  </datafield>
  <datafield tag="089" ind1="0" ind2="4">
    <subfield code="a">025.52068</subfield>
    <subfield code="c">025.52</subfield>
    <subfield code="e">DDC22ger</subfield>
    <subfield code="f">068</subfield>
  </datafield>
  <datafield tag="245" ind1="0" ind2="0">
    <subfield code="a">"Was für ein Service!"</subfield>
    <subfield code="b">Entwicklung und Sicherung der Auskunftsqualität von Bibliotheken</subfield>
    <subfield code="c">von Tom Becker</subfield>
  </datafield>
  <datafield tag="264" ind1=" " ind2="1">
    <subfield code="a">Wiesbaden</subfield>
    <subfield code="b">Dinges &amp; Frick</subfield>
    <subfield code="c">2007</subfield>
  </datafield>
  <datafield tag="300" ind1=" " ind2=" ">
    <subfield code="a">211 S. : graph. Darst.</subfield>
  </datafield>
  <datafield tag="490" ind1="1" ind2=" ">
    <subfield code="a">BIT online : Innovativ</subfield>
    <subfield code="v">13</subfield>
  </datafield>
  <datafield tag="689" ind1="0" ind2="0">
    <subfield code="a">Deutschland</subfield>
    <subfield code="D">g</subfield>
    <subfield code="0">(DE-588)4011882-4</subfield>
    <subfield code="0">https://portal.dnb.de/opac.htm?method=simpleSearch&amp;cqlMode=true&amp;query=idn=040118827</subfield>
    <subfield code="0">http://viaf.org/viaf/sourceID/DNB|040118827</subfield>
    <subfield code="B">GND-040118827</subfield>
  </datafield>
  <datafield tag="689" ind1="0" ind2="1">
    <subfield code="a">Bibliothek</subfield>
    <subfield code="D">s</subfield>
    <subfield code="0">(DE-588)4006439-6</subfield>
    <subfield code="0">https://portal.dnb.de/opac.htm?method=simpleSearch&amp;cqlMode=true&amp;query=idn=040064395</subfield>
    <subfield code="0">http://viaf.org/viaf/sourceID/DNB|040064395</subfield>
    <subfield code="B">GND-040064395</subfield>
  </datafield>
  <datafield tag="689" ind1="0" ind2="2">
    <subfield code="a">Auskunftsdienst</subfield>
    <subfield code="D">s</subfield>
    <subfield code="0">(DE-588)4340792-4</subfield>
    <subfield code="0">https://portal.dnb.de/opac.htm?method=simpleSearch&amp;cqlMode=true&amp;query=idn=941238032</subfield>
    <subfield code="0">http://viaf.org/viaf/sourceID/DNB|941238032</subfield>
    <subfield code="B">GND-941238032</subfield>
  </datafield>
  <datafield tag="689" ind1="0" ind2="3">
    <subfield code="a">Qualitätsmanagement</subfield>
    <subfield code="D">s</subfield>
    <subfield code="0">(DE-588)4219057-5</subfield>
    <subfield code="0">https://portal.dnb.de/opac.htm?method=simpleSearch&amp;cqlMode=true&amp;query=idn=042190576</subfield>
    <subfield code="0">http://viaf.org/viaf/sourceID/DNB|042190576</subfield>
    <subfield code="B">GND-042190576</subfield>
  </datafield>
  <datafield tag="035" ind1=" " ind2=" ">
    <subfield code="a">(OCoLC)162453654</subfield>
  </datafield>
  <datafield tag="035" ind1=" " ind2=" ">
    <subfield code="a">(DE-599)HBZHT015014677</subfield>
  </datafield>
  <datafield tag="964" ind1="0" ind2="s">
    <subfield code="F">051</subfield>
    <subfield code="A">s|||||||</subfield>
  </datafield>
  <datafield tag="964" ind1="0" ind2="i">
    <subfield code="I">marc-FMT via MAB2MARC</subfield>
    <subfield code="F">FMT</subfield>
    <subfield code="A">BK</subfield>
  </datafield>
  <datafield tag="964" ind1="0" ind2="s">
    <subfield code="F">030</subfield>
    <subfield code="A">a|1uc||||||37</subfield>
  </datafield>
  <datafield tag="964" ind1="0" ind2="s">
    <subfield code="F">050</subfield>
    <subfield code="A">a|||||||||||||</subfield>
  </datafield>
  <datafield tag="830" ind1=" " ind2="0">
    <subfield code="a">BIT online : Innovativ</subfield>
    <subfield code="w">(DE-605)HT012827392</subfield>
    <subfield code="v">13</subfield>
    <subfield code="9">O:1</subfield>
  </datafield>
  <datafield tag="856" ind1="4" ind2="2">
    <subfield code="m">V:DE-605;X:migimw</subfield>
    <subfield code="q">application/pdf</subfield>
    <subfield code="u">http://digitale-objekte.hbz-nrw.de/storage/2007/06/08/file_68/1996377.pdf</subfield>
    <subfield code="3">Inhaltsverzeichnis</subfield>
    <subfield code="9">O:PKN</subfield>
  </datafield>
  <datafield tag="700" ind1="1" ind2=" ">
    <subfield code="a">Becker, Tom</subfield>
    <subfield code="d">1973-</subfield>
    <subfield code="0">(DE-588)133323862</subfield>
    <subfield code="4">edt</subfield>
    <subfield code="0">https://portal.dnb.de/opac.htm?method=simpleSearch&amp;cqlMode=true&amp;query=idn=133323862</subfield>
    <subfield code="0">http://viaf.org/viaf/sourceID/DNB|133323862</subfield>
    <subfield code="B">GND-133323862</subfield>
  </datafield>
  <datafield tag="655" ind1=" " ind2="7">
    <subfield code="a">Aufsatzsammlung</subfield>
    <subfield code="0">(DE-588)4143413-4</subfield>
    <subfield code="2">gnd-content</subfield>
  </datafield>
  <datafield tag="MBD" ind1=" " ind2=" ">
    <subfield code="M">49HBZ_NETWORK</subfield>
    <subfield code="i">990156060190206441</subfield>
    <subfield code="n">HBZ Network</subfield>
  </datafield>
  <datafield tag="MBD" ind1=" " ind2=" ">
    <subfield code="M">49HBZ_WUP</subfield>
    <subfield code="i">990009430270206447</subfield>
    <subfield code="n">Bergische Universität Wuppertal</subfield>
  </datafield>
  <datafield tag="MBD" ind1=" " ind2=" ">
    <subfield code="M">49HBZ_ZBS</subfield>
    <subfield code="i">990001223940806478</subfield>
    <subfield code="n">Deutsche Sporthochschule Köln</subfield>
  </datafield>
  <datafield tag="MBD" ind1=" " ind2=" ">
    <subfield code="M">49HBZ_FHM</subfield>
    <subfield code="i">991004164479706485</subfield>
    <subfield code="n">FH / KA Münster</subfield>
  </datafield>
  <datafield tag="MBD" ind1=" " ind2=" ">
    <subfield code="M">49HBZ_FUH</subfield>
    <subfield code="i">990009298550106464</subfield>
    <subfield code="n">Fernuniversität Hagen</subfield>
  </datafield>
  <datafield tag="MBD" ind1=" " ind2=" ">
    <subfield code="M">49HBZ_FHA</subfield>
    <subfield code="i">991003274089706444</subfield>
    <subfield code="n">Hochschulbibliothek der FH Aachen</subfield>
  </datafield>
  <datafield tag="MBD" ind1=" " ind2=" ">
    <subfield code="M">49HBZ_HBI</subfield>
    <subfield code="i">991001357309706450</subfield>
    <subfield code="n">Hochschule Bielefeld</subfield>
  </datafield>
  <datafield tag="MBD" ind1=" " ind2=" ">
    <subfield code="M">49HBZ_BRS</subfield>
    <subfield code="i">991000956019706452</subfield>
    <subfield code="n">Hochschule Bonn-Rhein-Sieg</subfield>
  </datafield>
  <datafield tag="MBD" ind1=" " ind2=" ">
    <subfield code="M">49HBZ_HSD</subfield>
    <subfield code="i">991003534449706455</subfield>
    <subfield code="n">Hochschule Duesseldorf</subfield>
  </datafield>
  <datafield tag="MBD" ind1=" " ind2=" ">
    <subfield code="M">49HBZ_HSN</subfield>
    <subfield code="i">991002991989708056</subfield>
    <subfield code="n">Hochschule Niederrhein</subfield>
  </datafield>
  <datafield tag="MBD" ind1=" " ind2=" ">
    <subfield code="M">49HBZ_OWL</subfield>
    <subfield code="i">991001146849706468</subfield>
    <subfield code="n">Hochschule Ostwestfalen-Lippe</subfield>
  </datafield>
  <datafield tag="MBD" ind1=" " ind2=" ">
    <subfield code="M">49HBZ_BRIDGE_UCB</subfield>
    <subfield code="i">9912093807821</subfield>
    <subfield code="n">Hochschule Trier, Umwelt-Campus Birkenfeld, Bibliothek</subfield>
  </datafield>
  <datafield tag="MBD" ind1=" " ind2=" ">
    <subfield code="M">49HBZ_DET</subfield>
    <subfield code="i">991005430139706480</subfield>
    <subfield code="n">Hochschule fur Musik Detmold</subfield>
  </datafield>
  <datafield tag="MBD" ind1=" " ind2=" ">
    <subfield code="M">49HBZ_KAD</subfield>
    <subfield code="i">990001110390206458</subfield>
    <subfield code="n">Kunstakademie Düsseldorf</subfield>
  </datafield>
  <datafield tag="MBD" ind1=" " ind2=" ">
    <subfield code="M">49HBZ_RTU</subfield>
    <subfield code="i">990009051690507476</subfield>
    <subfield code="n">RPTU Kaiserslautern-Landau</subfield>
  </datafield>
  <datafield tag="MBD" ind1=" " ind2=" ">
    <subfield code="M">49HBZ_UBA</subfield>
    <subfield code="i">991025187519706448</subfield>
    <subfield code="n">RWTH Aachen</subfield>
  </datafield>
  <datafield tag="MBD" ind1=" " ind2=" ">
    <subfield code="M">49HBZ_BRIDGE_LBZ</subfield>
    <subfield code="i">99106785307506</subfield>
    <subfield code="n">Rheinische Landesbibliothek Koblenz</subfield>
  </datafield>
  <datafield tag="MBD" ind1=" " ind2=" ">
    <subfield code="M">49HBZ_THK</subfield>
    <subfield code="i">991008425689706477</subfield>
    <subfield code="n">Technische Hochschule Köln (TH Köln)</subfield>
  </datafield>
  <datafield tag="MBD" ind1=" " ind2=" ">
    <subfield code="M">49HBZ_UBD</subfield>
    <subfield code="i">991009993459706445</subfield>
    <subfield code="n">Technische Universität Dortmund</subfield>
  </datafield>
  <datafield tag="MBD" ind1=" " ind2=" ">
    <subfield code="M">49HBZ_UBT</subfield>
    <subfield code="i">990013195810106470</subfield>
    <subfield code="n">UB Trier</subfield>
  </datafield>
  <datafield tag="MBD" ind1=" " ind2=" ">
    <subfield code="M">49HBZ_ULB</subfield>
    <subfield code="i">991019732709706467</subfield>
    <subfield code="n">Universitaet Bonn</subfield>
  </datafield>
  <datafield tag="MBD" ind1=" " ind2=" ">
    <subfield code="M">49HBZ_BIE</subfield>
    <subfield code="i">991015864379706442</subfield>
    <subfield code="n">Universität Bielefeld</subfield>
  </datafield>
  <datafield tag="MBD" ind1=" " ind2=" ">
    <subfield code="M">49HBZ_UBO</subfield>
    <subfield code="i">991023771659706471</subfield>
    <subfield code="n">Universität Bochum</subfield>
  </datafield>
  <datafield tag="MBD" ind1=" " ind2=" ">
    <subfield code="M">49HBZ_UDE</subfield>
    <subfield code="i">990015230860206446</subfield>
    <subfield code="n">Universität Duisburg-Essen</subfield>
  </datafield>
  <datafield tag="MBD" ind1=" " ind2=" ">
    <subfield code="M">49HBZ_UKO</subfield>
    <subfield code="i">990005041760108057</subfield>
    <subfield code="n">Universität Koblenz</subfield>
  </datafield>
  <datafield tag="MBD" ind1=" " ind2=" ">
    <subfield code="M">49HBZ_UBK</subfield>
    <subfield code="i">991003080059706476</subfield>
    <subfield code="n">Universität Köln</subfield>
  </datafield>
  <datafield tag="MBD" ind1=" " ind2=" ">
    <subfield code="M">49HBZ_ULM</subfield>
    <subfield code="i">991031101609706449</subfield>
    <subfield code="n">Universität Münster</subfield>
  </datafield>
  <datafield tag="MBD" ind1=" " ind2=" ">
    <subfield code="M">49HBZ_PAD</subfield>
    <subfield code="i">990009577650106463</subfield>
    <subfield code="n">Universitätsbibliothek Paderborn</subfield>
  </datafield>
  <datafield tag="MBD" ind1=" " ind2=" ">
    <subfield code="M">49HBZ_WHS</subfield>
    <subfield code="i">991004015879706456</subfield>
    <subfield code="n">Westfälische Hochschule</subfield>
  </datafield>
  <datafield tag="MNG" ind1=" " ind2=" ">
    <subfield code="c">System</subfield>
    <subfield code="f">HBZ</subfield>
    <subfield code="i">marc21</subfield>
    <subfield code="h">20230126112200.0</subfield>
    <subfield code="k">01</subfield>
    <subfield code="e">false</subfield>
    <subfield code="d">2023-04-07 09:23:06 Europe/Berlin</subfield>
    <subfield code="g">015606019-HBZ01</subfield>
    <subfield code="j">60</subfield>
    <subfield code="a">import</subfield>
    <subfield code="b">2021-04-05 13:49:45 Europe/Berlin</subfield>
  </datafield>
  <datafield tag="H52" ind1=" " ind2=" ">
    <subfield code="b">W0001</subfield>
    <subfield code="c">01</subfield>
    <subfield code="h"/>
    <subfield code="8">22131370350006447</subfield>
  </datafield>
  <datafield tag="HOL" ind1=" " ind2=" ">
    <subfield code="b">2021-04-06 08:12:24</subfield>
    <subfield code="8">22131370350006447</subfield>
    <subfield code="M">49HBZ_WUP</subfield>
    <subfield code="g">false</subfield>
    <subfield code="a">import</subfield>
  </datafield>
  <datafield tag="ITM" ind1=" " ind2=" ">
    <subfield code="H">22131370350006447</subfield>
    <subfield code="x">01</subfield>
    <subfield code="f">BOOK</subfield>
    <subfield code="v">01</subfield>
    <subfield code="p">11</subfield>
    <subfield code="X">System</subfield>
    <subfield code="U">2014-03-25 11:59:00 Europe/Berlin</subfield>
    <subfield code="Y">2021-04-06 10:13:25 Europe/Berlin</subfield>
    <subfield code="h">false</subfield>
    <subfield code="n">AVY1353+1</subfield>
    <subfield code="M">49HBZ_WUP</subfield>
    <subfield code="s">1</subfield>
    <subfield code="d">#</subfield>
    <subfield code="V">import</subfield>
    <subfield code="b">W00159251</subfield>
    <subfield code="a">23131370340006447</subfield>
    <subfield code="t">8</subfield>
    <subfield code="R">Maintenance count: 003</subfield>
    <subfield code="S">M2014-1516</subfield>
    <subfield code="B">2014/4259</subfield>
    <subfield code="D">20140325</subfield>
    <subfield code="W">2014-03-25 01:00:00 Europe/Berlin</subfield>
    <subfield code="u">W0001</subfield>
    <subfield code="w">W0001</subfield>
  </datafield>
  <datafield tag="H52" ind1="8" ind2="1">
    <subfield code="b">KP001</subfield>
    <subfield code="c">FMONO</subfield>
    <subfield code="h">1 All 078</subfield>
    <subfield code="8">2217986740006478</subfield>
  </datafield>
  <datafield tag="HOL" ind1=" " ind2=" ">
    <subfield code="d">2023-08-30 05:43:48</subfield>
    <subfield code="8">2217986740006478</subfield>
    <subfield code="b">2023-08-14 05:54:14</subfield>
    <subfield code="M">49HBZ_ZBS</subfield>
    <subfield code="g">false</subfield>
    <subfield code="a">import</subfield>
    <subfield code="c">System</subfield>
  </datafield>
  <datafield tag="ITM" ind1=" " ind2=" ">
    <subfield code="H">2217986740006478</subfield>
    <subfield code="x">FMONO</subfield>
    <subfield code="f">BOOK</subfield>
    <subfield code="v">FMONO</subfield>
    <subfield code="p">10</subfield>
    <subfield code="X">System</subfield>
    <subfield code="U">2007-03-23 11:59:00 Europe/Berlin</subfield>
    <subfield code="Y">2023-08-14 07:55:29 Europe/Berlin</subfield>
    <subfield code="h">false</subfield>
    <subfield code="n">2007/965</subfield>
    <subfield code="P">42/d/f/</subfield>
    <subfield code="M">49HBZ_ZBS</subfield>
    <subfield code="s">1</subfield>
    <subfield code="d">8</subfield>
    <subfield code="V">import</subfield>
    <subfield code="b">KN41$00705907</subfield>
    <subfield code="a">2317986730006478</subfield>
    <subfield code="c">1 All 078</subfield>
    <subfield code="S">ZB-1898</subfield>
    <subfield code="B">2007/965</subfield>
    <subfield code="D">20070323</subfield>
    <subfield code="W">2007-03-23 01:00:00 Europe/Berlin</subfield>
    <subfield code="u">KP001</subfield>
    <subfield code="w">KP001</subfield>
  </datafield>
  <datafield tag="H35" ind1=" " ind2=" ">
    <subfield code="a">(DE-836)223590216-49hbz_fhm</subfield>
    <subfield code="8">2229843250006485</subfield>
  </datafield>
  <datafield tag="H52" ind1="8" ind2=" ">
    <subfield code="b">FHMH</subfield>
    <subfield code="c">Freihand_H</subfield>
    <subfield code="h">AVY 3</subfield>
    <subfield code="8">2229843250006485</subfield>
  </datafield>
  <datafield tag="HOL" ind1=" " ind2=" ">
    <subfield code="d">2023-08-17 09:08:46</subfield>
    <subfield code="8">2229843250006485</subfield>
    <subfield code="b">2022-06-27 10:05:32</subfield>
    <subfield code="M">49HBZ_FHM</subfield>
    <subfield code="g">false</subfield>
    <subfield code="a">import</subfield>
    <subfield code="c">System</subfield>
  </datafield>
  <datafield tag="ITM" ind1=" " ind2=" ">
    <subfield code="H">2229843250006485</subfield>
    <subfield code="x">Freihand_H</subfield>
    <subfield code="f">BOOK</subfield>
    <subfield code="v">Freihand_H</subfield>
    <subfield code="p">ZZZ</subfield>
    <subfield code="X">System</subfield>
    <subfield code="U">2016-12-15 11:59:00 Europe/Berlin</subfield>
    <subfield code="Y">2023-01-25 15:52:05 Europe/Berlin</subfield>
    <subfield code="h">false</subfield>
    <subfield code="n">AVY 3</subfield>
    <subfield code="P">Fachbereich: BIB</subfield>
    <subfield code="M">49HBZ_FHM</subfield>
    <subfield code="s">1</subfield>
    <subfield code="d">8</subfield>
    <subfield code="V">import</subfield>
    <subfield code="b">0212359</subfield>
    <subfield code="a">2329843240006485</subfield>
    <subfield code="t">8</subfield>
    <subfield code="c">AVY 3</subfield>
    <subfield code="D">20200727</subfield>
    <subfield code="W">2016-12-15 01:00:00 Europe/Berlin</subfield>
    <subfield code="u">FHMH</subfield>
    <subfield code="w">FHMH</subfield>
  </datafield>
  <datafield tag="H52" ind1=" " ind2=" ">
    <subfield code="b">F0001</subfield>
    <subfield code="c">00</subfield>
    <subfield code="8">22109044850006464</subfield>
  </datafield>
  <datafield tag="HOL" ind1=" " ind2=" ">
    <subfield code="b">2022-07-04 11:50:18</subfield>
    <subfield code="8">22109044850006464</subfield>
    <subfield code="M">49HBZ_FUH</subfield>
    <subfield code="g">false</subfield>
    <subfield code="a">import</subfield>
  </datafield>
  <datafield tag="ITM" ind1=" " ind2=" ">
    <subfield code="H">22109044850006464</subfield>
    <subfield code="x">00</subfield>
    <subfield code="f">BOOK</subfield>
    <subfield code="v">00</subfield>
    <subfield code="p">10</subfield>
    <subfield code="X">System</subfield>
    <subfield code="U">2007-04-11 12:59:00 Europe/Berlin</subfield>
    <subfield code="Y">2022-07-04 13:51:25 Europe/Berlin</subfield>
    <subfield code="h">false</subfield>
    <subfield code="n">AVY/BEC</subfield>
    <subfield code="P">01///</subfield>
    <subfield code="M">49HBZ_FUH</subfield>
    <subfield code="s">1</subfield>
    <subfield code="d">#</subfield>
    <subfield code="V">import</subfield>
    <subfield code="b">070418501</subfield>
    <subfield code="a">23109044830006464</subfield>
    <subfield code="R">Maintenance count: 002</subfield>
    <subfield code="S">FUH-35269</subfield>
    <subfield code="B">07/4185</subfield>
    <subfield code="D">20070503</subfield>
    <subfield code="W">2007-04-11 02:00:00 Europe/Berlin</subfield>
    <subfield code="u">F0001</subfield>
    <subfield code="w">F0001</subfield>
  </datafield>
  <datafield tag="H52" ind1="8" ind2=" ">
    <subfield code="b">EUP</subfield>
    <subfield code="c">EUP_BV</subfield>
    <subfield code="h">91 AVY 2</subfield>
    <subfield code="8">2283400870006444</subfield>
  </datafield>
  <datafield tag="HOL" ind1=" " ind2=" ">
    <subfield code="b">2021-04-20 15:45:49</subfield>
    <subfield code="8">2283400870006444</subfield>
    <subfield code="M">49HBZ_FHA</subfield>
    <subfield code="g">false</subfield>
    <subfield code="a">import</subfield>
  </datafield>
  <datafield tag="ITM" ind1=" " ind2=" ">
    <subfield code="H">2283400870006444</subfield>
    <subfield code="x">EUP_BV</subfield>
    <subfield code="f">BOOK</subfield>
    <subfield code="v">EUP_BV</subfield>
    <subfield code="X">System</subfield>
    <subfield code="U">2021-04-20 12:59:00 Europe/Berlin</subfield>
    <subfield code="Y">2021-04-20 17:46:26 Europe/Berlin</subfield>
    <subfield code="h">false</subfield>
    <subfield code="P">ClassificationNo: 115</subfield>
    <subfield code="G">1</subfield>
    <subfield code="Q">Fernleihkonditionen: 0</subfield>
    <subfield code="M">49HBZ_FHA</subfield>
    <subfield code="s">1</subfield>
    <subfield code="d">8</subfield>
    <subfield code="V">import</subfield>
    <subfield code="b">91 AVY 2</subfield>
    <subfield code="O">SISIS-Ausleihzähler Migrationsjahr: 0 | SISIS-Ausleihzähler Vor-Migrationsjahr: 0 | SISIS-Ausleihzähler vorletztes Migrationsjahr: 0 | SISIS-Vormerkzähler Migrationsjahr: 0 | SISIS-vorletztes Rückgabedatum: 2008-12-02</subfield>
    <subfield code="N">SISIS-Buchdaten-Aufnahmedatum: 2008-12-02 | Altersbegrenzung: 0</subfield>
    <subfield code="a">2383400860006444</subfield>
    <subfield code="c">91 AVY 2</subfield>
    <subfield code="B">08/4630</subfield>
    <subfield code="W">2021-04-20 17:45:49 Europe/Berlin</subfield>
    <subfield code="u">EUP</subfield>
    <subfield code="w">EUP</subfield>
  </datafield>
  <datafield tag="H52" ind1="8" ind2=" ">
    <subfield code="b">40</subfield>
    <subfield code="c">BiblVerw</subfield>
    <subfield code="h">AVY Was</subfield>
    <subfield code="8">2219493820006450</subfield>
  </datafield>
  <datafield tag="HOL" ind1=" " ind2=" ">
    <subfield code="b">2022-07-14 17:10:07</subfield>
    <subfield code="8">2219493820006450</subfield>
    <subfield code="M">49HBZ_HBI</subfield>
    <subfield code="g">false</subfield>
    <subfield code="a">import</subfield>
  </datafield>
  <datafield tag="ITM" ind1=" " ind2=" ">
    <subfield code="H">2219493820006450</subfield>
    <subfield code="x">BiblVerw</subfield>
    <subfield code="f">BOOK</subfield>
    <subfield code="v">BiblVerw</subfield>
    <subfield code="p">Präsenzbestand</subfield>
    <subfield code="X">System</subfield>
    <subfield code="U">2022-07-12 12:59:00 Europe/Berlin</subfield>
    <subfield code="Y">2022-07-14 19:11:02 Europe/Berlin</subfield>
    <subfield code="h">false</subfield>
    <subfield code="G">1</subfield>
    <subfield code="M">49HBZ_HBI</subfield>
    <subfield code="s">1</subfield>
    <subfield code="d">8</subfield>
    <subfield code="V">import</subfield>
    <subfield code="L">Systematik: 0 | HBZ01: HT015014677 | Keine Beilagen: 1</subfield>
    <subfield code="b">074333</subfield>
    <subfield code="O">SISIS Ausleihen insgesamt: 0 | SISIS Vormerkungen Migrationsjahr: 0 | SISIS Aufnahmedatum: 2007-08-02</subfield>
    <subfield code="N">Sigel: Bi 10 | Fernleihkonditionen: 3</subfield>
    <subfield code="a">2319493810006450</subfield>
    <subfield code="c">AVY Was</subfield>
    <subfield code="S">FB01-240</subfield>
    <subfield code="B">07M01-32</subfield>
    <subfield code="W">2022-07-14 19:10:07 Europe/Berlin</subfield>
    <subfield code="u">40</subfield>
    <subfield code="w">40</subfield>
  </datafield>
  <datafield tag="H52" ind1="8" ind2=" ">
    <subfield code="b">STA</subfield>
    <subfield code="c">STA_FH</subfield>
    <subfield code="h">11 = AWU1284+1</subfield>
    <subfield code="8">2248092960006452</subfield>
  </datafield>
  <datafield tag="HOL" ind1=" " ind2=" ">
    <subfield code="b">2022-07-06 18:18:23</subfield>
    <subfield code="8">2248092960006452</subfield>
    <subfield code="M">49HBZ_BRS</subfield>
    <subfield code="g">false</subfield>
    <subfield code="a">import</subfield>
  </datafield>
  <datafield tag="H52" ind1="8" ind2=" ">
    <subfield code="b">STA</subfield>
    <subfield code="c">STA_FH</subfield>
    <subfield code="h">11 = AWU1284</subfield>
    <subfield code="8">2248092980006452</subfield>
  </datafield>
  <datafield tag="HOL" ind1=" " ind2=" ">
    <subfield code="b">2022-07-06 18:18:23</subfield>
    <subfield code="8">2248092980006452</subfield>
    <subfield code="M">49HBZ_BRS</subfield>
    <subfield code="g">false</subfield>
    <subfield code="a">import</subfield>
  </datafield>
  <datafield tag="ITM" ind1=" " ind2=" ">
    <subfield code="H">2248092960006452</subfield>
    <subfield code="x">STA_FH</subfield>
    <subfield code="f">BOOK</subfield>
    <subfield code="v">STA_FH</subfield>
    <subfield code="p">ZZZ</subfield>
    <subfield code="X">System</subfield>
    <subfield code="U">2022-07-06 12:59:00 Europe/Berlin</subfield>
    <subfield code="Y">2022-07-06 20:18:56 Europe/Berlin</subfield>
    <subfield code="h">false</subfield>
    <subfield code="n">11 = AWU1284+1</subfield>
    <subfield code="G">1</subfield>
    <subfield code="M">49HBZ_BRS</subfield>
    <subfield code="s">1</subfield>
    <subfield code="d">8</subfield>
    <subfield code="V">import</subfield>
    <subfield code="L">Klassifikation: 117 | SISIS-Magazindrucker: 0 | HBZ01: HT015014677 | Keine Beilagen: 1</subfield>
    <subfield code="b">20557430</subfield>
    <subfield code="O">SISIS-vorletztes Rückgabedatum: 2020-02-19 | SISIS-Buchdaten-Aufnahmedatum: 2008-07-16 | Fernleihkonditionen: 0 | Sigel: 1044</subfield>
    <subfield code="N">Altersbegrenzung: 0 | SISIS-Ausleihzähler 2022: 0 | SISIS-Ausleihzähler 2021: 2 | SISIS-Ausleihzähler 2020: 1 | Gesamtausleihen SISIS: 26 | SISIS-Vormerkzähler 2022: 0</subfield>
    <subfield code="a">2348092950006452</subfield>
    <subfield code="c">11 = AWU1284+1</subfield>
    <subfield code="W">2022-07-06 20:18:23 Europe/Berlin</subfield>
    <subfield code="u">STA</subfield>
    <subfield code="w">STA</subfield>
  </datafield>
  <datafield tag="ITM" ind1=" " ind2=" ">
    <subfield code="H">2248092980006452</subfield>
    <subfield code="x">STA_FH</subfield>
    <subfield code="f">BOOK</subfield>
    <subfield code="v">STA_FH</subfield>
    <subfield code="p">ZZZ</subfield>
    <subfield code="X">System</subfield>
    <subfield code="U">2022-07-06 12:59:00 Europe/Berlin</subfield>
    <subfield code="Y">2022-07-06 20:18:56 Europe/Berlin</subfield>
    <subfield code="h">false</subfield>
    <subfield code="n">11 = AWU1284</subfield>
    <subfield code="G">1</subfield>
    <subfield code="M">49HBZ_BRS</subfield>
    <subfield code="s">1</subfield>
    <subfield code="d">8</subfield>
    <subfield code="V">import</subfield>
    <subfield code="L">Klassifikation: 117 | SISIS-Magazindrucker: 0 | HBZ01: HT015014677 | Keine Beilagen: 1</subfield>
    <subfield code="b">20619518</subfield>
    <subfield code="O">SISIS-vorletztes Rückgabedatum: 2016-06-14 | SISIS-Buchdaten-Aufnahmedatum: 2007-05-14 | Fernleihkonditionen: 0 | Sigel: 1044</subfield>
    <subfield code="N">Altersbegrenzung: 0 | SISIS-Ausleihzähler 2022: 0 | SISIS-Ausleihzähler 2021: 0 | SISIS-Ausleihzähler 2020: 0 | Gesamtausleihen SISIS: 41 | SISIS-Vormerkzähler 2022: 0</subfield>
    <subfield code="a">2348092970006452</subfield>
    <subfield code="c">11 = AWU1284</subfield>
    <subfield code="W">2022-07-06 20:18:23 Europe/Berlin</subfield>
    <subfield code="u">STA</subfield>
    <subfield code="w">STA</subfield>
  </datafield>
  <datafield tag="H52" ind1="8" ind2=" ">
    <subfield code="b">cdd</subfield>
    <subfield code="c">HBEMP</subfield>
    <subfield code="h">14 AVY 100</subfield>
    <subfield code="8">2236303650006455</subfield>
  </datafield>
  <datafield tag="HOL" ind1=" " ind2=" ">
    <subfield code="b">2022-08-09 09:31:29</subfield>
    <subfield code="8">2236303650006455</subfield>
    <subfield code="M">49HBZ_HSD</subfield>
    <subfield code="g">false</subfield>
    <subfield code="a">import</subfield>
  </datafield>
  <datafield tag="ITM" ind1=" " ind2=" ">
    <subfield code="H">2236303650006455</subfield>
    <subfield code="x">HBEMP</subfield>
    <subfield code="f">BOOK</subfield>
    <subfield code="v">HBEMP</subfield>
    <subfield code="X">System</subfield>
    <subfield code="U">2022-08-09 12:59:00 Europe/Berlin</subfield>
    <subfield code="Y">2023-04-19 13:59:39 Europe/Berlin</subfield>
    <subfield code="h">false</subfield>
    <subfield code="n">14 AVY 100</subfield>
    <subfield code="Q">008 - Wirtschaft, Arbeit, Tourismusindustrie</subfield>
    <subfield code="M">49HBZ_HSD</subfield>
    <subfield code="s">1</subfield>
    <subfield code="d">8</subfield>
    <subfield code="V">import</subfield>
    <subfield code="b">017294901</subfield>
    <subfield code="O">Letzter Ausleiher: 9022670 am 10.02.2016  16:30:00 | Zweitletzter Ausleiher: 9018674 am 05.05.2011  11:59:00 | Drittletzter Ausleiher: 9010006 am 13.04.2011  09:21:00 | Viertletzter Ausleiher: 9000001 am 16.01.2008  08:02:00</subfield>
    <subfield code="N">Haushaltskostenstelle: 0/21 | Medientyp: b</subfield>
    <subfield code="a">2336303640006455</subfield>
    <subfield code="R">all - Allgemeines, Medienwissenschaften</subfield>
    <subfield code="c">14 AVY 100</subfield>
    <subfield code="B">2007.02525</subfield>
    <subfield code="W">2022-08-09 11:31:29 Europe/Berlin</subfield>
    <subfield code="u">cdd</subfield>
    <subfield code="w">cdd</subfield>
  </datafield>
  <datafield tag="H52" ind1="8" ind2=" ">
    <subfield code="b">MG</subfield>
    <subfield code="c">MG_Public</subfield>
    <subfield code="h">Aln 4 Was</subfield>
    <subfield code="8">2247061890008056</subfield>
  </datafield>
  <datafield tag="HOL" ind1=" " ind2=" ">
    <subfield code="b">2023-07-25 14:38:16</subfield>
    <subfield code="8">2247061890008056</subfield>
    <subfield code="M">49HBZ_HSN</subfield>
    <subfield code="g">false</subfield>
    <subfield code="a">import</subfield>
  </datafield>
  <datafield tag="ITM" ind1=" " ind2=" ">
    <subfield code="H">2247061890008056</subfield>
    <subfield code="x">MG_Public</subfield>
    <subfield code="f">BOOK</subfield>
    <subfield code="v">MG_Public</subfield>
    <subfield code="p">itempolicy_PB</subfield>
    <subfield code="X">System</subfield>
    <subfield code="U">2023-07-20 12:59:00 Europe/Berlin</subfield>
    <subfield code="Y">2023-08-14 09:11:16 Europe/Berlin</subfield>
    <subfield code="h">false</subfield>
    <subfield code="n">Aln 4 Was</subfield>
    <subfield code="G">1</subfield>
    <subfield code="M">49HBZ_HSN</subfield>
    <subfield code="s">0</subfield>
    <subfield code="d">8</subfield>
    <subfield code="V">import</subfield>
    <subfield code="L">ClassificationNo: 0 | SISIS-Magazindrucker: 0 | HBZ01: HT015014677 | Keine Beilagen: 1</subfield>
    <subfield code="b">081408ALN4WAS</subfield>
    <subfield code="O">SISIS-Ausleihzähler vorletztes Migrationsjahr: 0 | SISIS-Vormerkzähler Migrationsjahr: 0 | SISIS-Buchdaten-Aufnahmedatum: 2008-04-07</subfield>
    <subfield code="N">Fernleihkonditionen: 3 | Sigel: 829 | Klassifikation: 0 | Altersbegrenzung: 0 | SISIS-Ausleihzähler Migrationsjahr: 0 | SISIS-Ausleihzähler Vor-Migrationsjahr: 1</subfield>
    <subfield code="a">2347061880008056</subfield>
    <subfield code="t">8</subfield>
    <subfield code="c">Aln 4 Was</subfield>
    <subfield code="r">LOAN</subfield>
    <subfield code="B">2008-1408</subfield>
    <subfield code="W">2023-07-25 16:38:16 Europe/Berlin</subfield>
    <subfield code="u">MG</subfield>
    <subfield code="w">MG</subfield>
  </datafield>
  <datafield tag="H52" ind1="8" ind2=" ">
    <subfield code="b">LE</subfield>
    <subfield code="c">LE_Frei</subfield>
    <subfield code="h">AVY107</subfield>
    <subfield code="8">2238250250006468</subfield>
  </datafield>
  <datafield tag="HOL" ind1=" " ind2=" ">
    <subfield code="b">2023-07-18 13:28:28</subfield>
    <subfield code="8">2238250250006468</subfield>
    <subfield code="M">49HBZ_OWL</subfield>
    <subfield code="g">false</subfield>
    <subfield code="a">import</subfield>
  </datafield>
  <datafield tag="ITM" ind1=" " ind2=" ">
    <subfield code="H">2238250250006468</subfield>
    <subfield code="x">LE_Frei</subfield>
    <subfield code="f">BOOK</subfield>
    <subfield code="v">LE_Frei</subfield>
    <subfield code="p">S</subfield>
    <subfield code="X">System</subfield>
    <subfield code="U">2023-07-18 12:59:00 Europe/Berlin</subfield>
    <subfield code="Y">2023-08-06 08:48:14 Europe/Berlin</subfield>
    <subfield code="h">false</subfield>
    <subfield code="n">11AVY1078</subfield>
    <subfield code="G">1</subfield>
    <subfield code="M">49HBZ_OWL</subfield>
    <subfield code="s">0</subfield>
    <subfield code="d">8</subfield>
    <subfield code="V">import</subfield>
    <subfield code="L">ClassificationNo: 0 | SISIS-Magazindrucker: 0 | HBZ01: HT015014677 | Anzahl Beilagen: 1</subfield>
    <subfield code="b">11AVY1078</subfield>
    <subfield code="O">SISIS-Ausleihzähler vorletztes Migrationsjahr: 0 | SISIS-Vormerkzähler Migrationsjahr: 0 | SISIS-vorletztes Rückgabedatum: 2010-07-06 | SISIS-Buchdaten-Aufnahmedatum: 2007-05-21</subfield>
    <subfield code="N">Fernleihkonditionen: 0 | Sigel: 743 | Klassifikation: 0 | Altersbegrenzung: 0 | SISIS-Ausleihzähler Migrationsjahr: 0 | SISIS-Ausleihzähler Vor-Migrationsjahr: 0</subfield>
    <subfield code="a">2338250240006468</subfield>
    <subfield code="c">AVY107</subfield>
    <subfield code="r">LOAN</subfield>
    <subfield code="W">2023-07-18 15:28:28 Europe/Berlin</subfield>
    <subfield code="u">LE</subfield>
    <subfield code="w">LE</subfield>
  </datafield>
  <datafield tag="H52" ind1="0" ind2=" ">
    <subfield code="b">T0013</subfield>
    <subfield code="c">kA</subfield>
    <subfield code="h">buch A 028 /13</subfield>
    <subfield code="8">227127620007821</subfield>
  </datafield>
  <datafield tag="HOL" ind1=" " ind2=" ">
    <subfield code="d">2023-04-25 18:58:09</subfield>
    <subfield code="8">227127620007821</subfield>
    <subfield code="b">2023-04-25 18:58:09</subfield>
    <subfield code="M">49HBZ_BRIDGE_UCB</subfield>
    <subfield code="g">false</subfield>
    <subfield code="a">System</subfield>
    <subfield code="c">System</subfield>
  </datafield>
  <datafield tag="ITM" ind1=" " ind2=" ">
    <subfield code="H">227127620007821</subfield>
    <subfield code="x">kA</subfield>
    <subfield code="f">BOOK</subfield>
    <subfield code="v">kA</subfield>
    <subfield code="p">kA</subfield>
    <subfield code="X">System</subfield>
    <subfield code="Y">2009-05-28 02:00:00 Europe/Berlin</subfield>
    <subfield code="n">buch A 028 /13</subfield>
    <subfield code="M">49HBZ_BRIDGE_UCB</subfield>
    <subfield code="s">1</subfield>
    <subfield code="d">0</subfield>
    <subfield code="V">System</subfield>
    <subfield code="b">144630</subfield>
    <subfield code="a">237127600007821</subfield>
    <subfield code="c">buch A 028 /13</subfield>
    <subfield code="W">2023-04-25 20:58:09 Europe/Berlin</subfield>
    <subfield code="u">T0013</subfield>
    <subfield code="w">T0013</subfield>
  </datafield>
  <datafield tag="H52" ind1="8" ind2=" ">
    <subfield code="b">HfM</subfield>
    <subfield code="c">HfM_Freih</subfield>
    <subfield code="h">HB 90</subfield>
    <subfield code="8">22101091900006480</subfield>
  </datafield>
  <datafield tag="HOL" ind1=" " ind2=" ">
    <subfield code="b">2023-08-14 15:20:34</subfield>
    <subfield code="8">22101091900006480</subfield>
    <subfield code="M">49HBZ_DET</subfield>
    <subfield code="g">false</subfield>
    <subfield code="a">import</subfield>
  </datafield>
  <datafield tag="ITM" ind1=" " ind2=" ">
    <subfield code="H">22101091900006480</subfield>
    <subfield code="x">HfM_Freih</subfield>
    <subfield code="f">BOOK</subfield>
    <subfield code="v">HfM_Freih</subfield>
    <subfield code="p">ausleihbar</subfield>
    <subfield code="X">System</subfield>
    <subfield code="U">2023-08-14 12:59:00 Europe/Berlin</subfield>
    <subfield code="Y">2023-09-03 09:47:03 Europe/Berlin</subfield>
    <subfield code="h">false</subfield>
    <subfield code="n">HB 90</subfield>
    <subfield code="G">1</subfield>
    <subfield code="M">49HBZ_DET</subfield>
    <subfield code="s">0</subfield>
    <subfield code="d">8</subfield>
    <subfield code="V">import</subfield>
    <subfield code="L">AnzBeil: 1 | IntFußn: 111/200/2007;Buch</subfield>
    <subfield code="b">57500000076898</subfield>
    <subfield code="O">BuchdatAufn: 2015-08-10 | Sigel: 575 | HBZ01: HT015014677 | Fernleihkonditionen: 0</subfield>
    <subfield code="N">Syst: 0 | vorlRückg: 2018-06-15</subfield>
    <subfield code="a">23101091890006480</subfield>
    <subfield code="R">Ausl23: 1 | Ausl22: 2 | Ausl21: 2 | Vorm23: 0</subfield>
    <subfield code="c">HB 90</subfield>
    <subfield code="r">LOAN</subfield>
    <subfield code="W">2023-08-14 17:20:34 Europe/Berlin</subfield>
    <subfield code="u">HfM</subfield>
    <subfield code="w">HfM</subfield>
  </datafield>
  <datafield tag="H52" ind1="8" ind2="1">
    <subfield code="b">X6001</subfield>
    <subfield code="c">HAKA</subfield>
    <subfield code="h">Af, 828 LS/HA-BL (n.a.)</subfield>
    <subfield code="8">228720690006458</subfield>
  </datafield>
  <datafield tag="HOL" ind1=" " ind2=" ">
    <subfield code="d">2023-08-17 11:04:22</subfield>
    <subfield code="8">228720690006458</subfield>
    <subfield code="b">2023-07-31 07:11:29</subfield>
    <subfield code="M">49HBZ_KAD</subfield>
    <subfield code="g">false</subfield>
    <subfield code="a">import</subfield>
    <subfield code="c">System</subfield>
  </datafield>
  <datafield tag="ITM" ind1=" " ind2=" ">
    <subfield code="H">228720690006458</subfield>
    <subfield code="x">HAKA</subfield>
    <subfield code="f">BOOK</subfield>
    <subfield code="v">HAKA</subfield>
    <subfield code="p">17</subfield>
    <subfield code="X">System</subfield>
    <subfield code="U">2011-05-09 12:59:00 Europe/Berlin</subfield>
    <subfield code="Y">2023-07-31 09:12:28 Europe/Berlin</subfield>
    <subfield code="h">false</subfield>
    <subfield code="n">Af, 828 LS/HA-BL (n.a.)</subfield>
    <subfield code="M">49HBZ_KAD</subfield>
    <subfield code="s">1</subfield>
    <subfield code="d">8</subfield>
    <subfield code="V">import</subfield>
    <subfield code="b">111039-10</subfield>
    <subfield code="a">238720680006458</subfield>
    <subfield code="c">Af, 828 LS/HA-BL (n.a.)</subfield>
    <subfield code="B">2011.0365</subfield>
    <subfield code="D">20110609</subfield>
    <subfield code="W">2011-05-09 02:00:00 Europe/Berlin</subfield>
    <subfield code="u">X6001</subfield>
    <subfield code="w">X6001</subfield>
  </datafield>
  <datafield tag="H52" ind1="8" ind2=" ">
    <subfield code="b">R3032</subfield>
    <subfield code="c">FH45</subfield>
    <subfield code="h">45:165/125</subfield>
    <subfield code="8">2274193690007476</subfield>
  </datafield>
  <datafield tag="HOL" ind1=" " ind2=" ">
    <subfield code="b">2022-07-12 10:03:48</subfield>
    <subfield code="8">2274193690007476</subfield>
    <subfield code="M">49HBZ_RTU</subfield>
    <subfield code="g">false</subfield>
    <subfield code="a">import</subfield>
  </datafield>
  <datafield tag="H52" ind1="8" ind2=" ">
    <subfield code="b">RL002</subfield>
    <subfield code="c">FHELD</subfield>
    <subfield code="h">all 833-5</subfield>
    <subfield code="8">2274193710007476</subfield>
  </datafield>
  <datafield tag="HOL" ind1=" " ind2=" ">
    <subfield code="d">2023-02-07 16:05:49</subfield>
    <subfield code="8">2274193710007476</subfield>
    <subfield code="b">2022-07-12 10:03:48</subfield>
    <subfield code="M">49HBZ_RTU</subfield>
    <subfield code="g">false</subfield>
    <subfield code="a">import</subfield>
    <subfield code="c">MBLD09</subfield>
  </datafield>
  <datafield tag="ITM" ind1=" " ind2=" ">
    <subfield code="H">2274193690007476</subfield>
    <subfield code="x">FH45</subfield>
    <subfield code="f">BOOK</subfield>
    <subfield code="v">FH45</subfield>
    <subfield code="p">10</subfield>
    <subfield code="X">System</subfield>
    <subfield code="U">2007-05-07 12:59:00 Europe/Berlin</subfield>
    <subfield code="Y">2022-07-12 12:05:35 Europe/Berlin</subfield>
    <subfield code="h">false</subfield>
    <subfield code="n">45:165/125</subfield>
    <subfield code="P">01/d/n/1</subfield>
    <subfield code="M">49HBZ_RTU</subfield>
    <subfield code="s">1</subfield>
    <subfield code="d">8</subfield>
    <subfield code="V">import</subfield>
    <subfield code="b">108249895</subfield>
    <subfield code="a">2374193680007476</subfield>
    <subfield code="t">8</subfield>
    <subfield code="R">Maintenance count: 004</subfield>
    <subfield code="c">45:165/125</subfield>
    <subfield code="S">2007-1278</subfield>
    <subfield code="B">07-1803</subfield>
    <subfield code="D">20070515</subfield>
    <subfield code="W">2007-05-07 02:00:00 Europe/Berlin</subfield>
    <subfield code="u">R3032</subfield>
    <subfield code="w">R3032</subfield>
  </datafield>
  <datafield tag="ITM" ind1=" " ind2=" ">
    <subfield code="H">2274193710007476</subfield>
    <subfield code="x">FHELD</subfield>
    <subfield code="f">BOOK</subfield>
    <subfield code="v">FHELD</subfield>
    <subfield code="p">10</subfield>
    <subfield code="X">MBLD12</subfield>
    <subfield code="U">2007-03-22 16:15:42 Europe/Berlin</subfield>
    <subfield code="Y">2023-08-10 16:15:42 Europe/Berlin</subfield>
    <subfield code="h">false</subfield>
    <subfield code="n">all 833-5</subfield>
    <subfield code="M">49HBZ_RTU</subfield>
    <subfield code="s">1</subfield>
    <subfield code="d">8</subfield>
    <subfield code="V">import</subfield>
    <subfield code="b">C168762</subfield>
    <subfield code="a">2374193700007476</subfield>
    <subfield code="t">8</subfield>
    <subfield code="c">all 833-5</subfield>
    <subfield code="S">POL-2023-2372</subfield>
    <subfield code="B">L2007/1264</subfield>
    <subfield code="D">2007-03-22 15:15:42</subfield>
    <subfield code="W">2007-03-22 01:00:00 Europe/Berlin</subfield>
    <subfield code="u">RL002</subfield>
    <subfield code="w">RL002</subfield>
  </datafield>
  <datafield tag="ITM" ind1=" " ind2=" ">
    <subfield code="H">2274193690007476</subfield>
    <subfield code="x">FH45</subfield>
    <subfield code="f">BOOK</subfield>
    <subfield code="v">FH45</subfield>
    <subfield code="p">10</subfield>
    <subfield code="X">System</subfield>
    <subfield code="U">2007-09-10 12:59:00 Europe/Berlin</subfield>
    <subfield code="Y">2022-07-12 12:05:35 Europe/Berlin</subfield>
    <subfield code="h">false</subfield>
    <subfield code="J">2.Ex</subfield>
    <subfield code="n">45:165/125 2.Ex.</subfield>
    <subfield code="P">01/d/n/1</subfield>
    <subfield code="M">49HBZ_RTU</subfield>
    <subfield code="s">1</subfield>
    <subfield code="d">8</subfield>
    <subfield code="V">import</subfield>
    <subfield code="b">108260133</subfield>
    <subfield code="a">2374193670007476</subfield>
    <subfield code="t">8</subfield>
    <subfield code="R">Maintenance count: 006</subfield>
    <subfield code="c">45:165/125</subfield>
    <subfield code="S">2007-2538</subfield>
    <subfield code="B">07-3107</subfield>
    <subfield code="D">20070910</subfield>
    <subfield code="W">2007-09-10 02:00:00 Europe/Berlin</subfield>
    <subfield code="u">R3032</subfield>
    <subfield code="w">R3032</subfield>
  </datafield>
  <datafield tag="H52" ind1="8" ind2=" ">
    <subfield code="b">ZB</subfield>
    <subfield code="c">MAGAZIN_1</subfield>
    <subfield code="8">22233208600006448</subfield>
  </datafield>
  <datafield tag="HOL" ind1=" " ind2=" ">
    <subfield code="b">2022-07-20 21:41:37</subfield>
    <subfield code="8">22233208600006448</subfield>
    <subfield code="M">49HBZ_UBA</subfield>
    <subfield code="g">false</subfield>
    <subfield code="a">import</subfield>
  </datafield>
  <datafield tag="ITM" ind1=" " ind2=" ">
    <subfield code="H">22233208600006448</subfield>
    <subfield code="x">MAGAZIN_1</subfield>
    <subfield code="f">BOOK</subfield>
    <subfield code="v">MAGAZIN_1</subfield>
    <subfield code="p">Standard</subfield>
    <subfield code="X">System</subfield>
    <subfield code="U">2022-07-20 12:59:00 Europe/Berlin</subfield>
    <subfield code="Y">2022-07-20 23:42:07 Europe/Berlin</subfield>
    <subfield code="h">false</subfield>
    <subfield code="n">RD7887-13</subfield>
    <subfield code="G">1</subfield>
    <subfield code="M">49HBZ_UBA</subfield>
    <subfield code="s">1</subfield>
    <subfield code="d">8</subfield>
    <subfield code="V">import</subfield>
    <subfield code="L">Magazinetage: 0</subfield>
    <subfield code="b">RD7887-13</subfield>
    <subfield code="O">Ausleihzähler Migrationsjahr: 0 | Ausleihzähler Vor-Migrationsjahr: 0 | Ausleihzähler vorletztes Migrationsjahr: 0 | Vormerkzähler Migrationsjahr: 0 | vorletztes Rückgabedatum: 2009-02-18 | Buchdaten-Aufnahmedatum: 2008-05-26</subfield>
    <subfield code="N">Fernleihkonditionen: 0</subfield>
    <subfield code="a">23233208590006448</subfield>
    <subfield code="t">8</subfield>
    <subfield code="W">2022-07-20 23:41:37 Europe/Berlin</subfield>
    <subfield code="u">ZB</subfield>
    <subfield code="w">ZB</subfield>
  </datafield>
  <datafield tag="H52" ind1="0" ind2=" ">
    <subfield code="b">R0003</subfield>
    <subfield code="c">00001000</subfield>
    <subfield code="h">108-2588</subfield>
    <subfield code="8">2269296760007506</subfield>
  </datafield>
  <datafield tag="HOL" ind1=" " ind2=" ">
    <subfield code="d">2023-04-25 18:58:41</subfield>
    <subfield code="8">2269296760007506</subfield>
    <subfield code="b">2023-04-25 18:58:41</subfield>
    <subfield code="M">49HBZ_BRIDGE_LBZ</subfield>
    <subfield code="g">false</subfield>
    <subfield code="a">System</subfield>
    <subfield code="c">System</subfield>
  </datafield>
  <datafield tag="H52" ind1="0" ind2=" ">
    <subfield code="b">R0001</subfield>
    <subfield code="c">00000000</subfield>
    <subfield code="h">2008/1895</subfield>
    <subfield code="8">2269296790007506</subfield>
  </datafield>
  <datafield tag="HOL" ind1=" " ind2=" ">
    <subfield code="d">2023-04-25 18:58:41</subfield>
    <subfield code="8">2269296790007506</subfield>
    <subfield code="b">2023-04-25 18:58:41</subfield>
    <subfield code="M">49HBZ_BRIDGE_LBZ</subfield>
    <subfield code="g">false</subfield>
    <subfield code="a">System</subfield>
    <subfield code="c">System</subfield>
  </datafield>
  <datafield tag="ITM" ind1=" " ind2=" ">
    <subfield code="H">2269296760007506</subfield>
    <subfield code="x">00001000</subfield>
    <subfield code="f">BOOK</subfield>
    <subfield code="v">00001000</subfield>
    <subfield code="p">02</subfield>
    <subfield code="X">System</subfield>
    <subfield code="Y">2008-09-19 02:00:00 Europe/Berlin</subfield>
    <subfield code="n">108-2588</subfield>
    <subfield code="M">49HBZ_BRIDGE_LBZ</subfield>
    <subfield code="s">1</subfield>
    <subfield code="d">0</subfield>
    <subfield code="V">System</subfield>
    <subfield code="b">013133072107</subfield>
    <subfield code="a">2369296750007506</subfield>
    <subfield code="c">108-2588</subfield>
    <subfield code="W">2023-04-25 20:58:41 Europe/Berlin</subfield>
    <subfield code="u">R0003</subfield>
    <subfield code="w">R0003</subfield>
  </datafield>
  <datafield tag="ITM" ind1=" " ind2=" ">
    <subfield code="H">2269296790007506</subfield>
    <subfield code="x">00000000</subfield>
    <subfield code="f">BOOK</subfield>
    <subfield code="v">00000000</subfield>
    <subfield code="p">02</subfield>
    <subfield code="X">System</subfield>
    <subfield code="Y">2008-09-19 02:00:00 Europe/Berlin</subfield>
    <subfield code="n">2008/1895</subfield>
    <subfield code="M">49HBZ_BRIDGE_LBZ</subfield>
    <subfield code="s">1</subfield>
    <subfield code="d">0</subfield>
    <subfield code="V">System</subfield>
    <subfield code="b">03531721</subfield>
    <subfield code="a">2369296770007506</subfield>
    <subfield code="c">2008/1895</subfield>
    <subfield code="W">2023-04-25 20:58:41 Europe/Berlin</subfield>
    <subfield code="u">R0001</subfield>
    <subfield code="w">R0001</subfield>
  </datafield>
  <datafield tag="H52" ind1="8" ind2=" ">
    <subfield code="b">SUED</subfield>
    <subfield code="c">63</subfield>
    <subfield code="h">BCNM1806</subfield>
    <subfield code="8">2248954780006477</subfield>
  </datafield>
  <datafield tag="HOL" ind1=" " ind2=" ">
    <subfield code="b">2023-08-17 20:04:01</subfield>
    <subfield code="8">2248954780006477</subfield>
    <subfield code="M">49HBZ_THK</subfield>
    <subfield code="g">false</subfield>
    <subfield code="a">import</subfield>
  </datafield>
  <datafield tag="ITM" ind1=" " ind2=" ">
    <subfield code="H">2248954780006477</subfield>
    <subfield code="x">63</subfield>
    <subfield code="f">BOOK</subfield>
    <subfield code="v">63</subfield>
    <subfield code="X">System</subfield>
    <subfield code="U">2023-08-16 12:59:00 Europe/Berlin</subfield>
    <subfield code="Y">2023-09-03 16:55:02 Europe/Berlin</subfield>
    <subfield code="h">false</subfield>
    <subfield code="n">63BCNM1806</subfield>
    <subfield code="P">Notation: BCNM</subfield>
    <subfield code="G">1</subfield>
    <subfield code="M">49HBZ_THK</subfield>
    <subfield code="s">0</subfield>
    <subfield code="d">8</subfield>
    <subfield code="V">import</subfield>
    <subfield code="L">HBZ01: HT015014677</subfield>
    <subfield code="b">63BCNM1806</subfield>
    <subfield code="O">SISIS-Ausleihzähler Migrationsjahr: 3 | SISIS-Ausleihzähler Vor-Migrationsjahr: 1 | SISIS-Ausleihzähler vorletztes Migrationsjahr: 3 | SISIS-Vormerkzähler Migrationsjahr: 0 | SISIS-vorletztes Rückgabedatum: 2022-11-08</subfield>
    <subfield code="N">SISIS-Buchdaten-Aufnahmedatum: 2007-03-20</subfield>
    <subfield code="a">2348954760006477</subfield>
    <subfield code="c">BCNM1806</subfield>
    <subfield code="r">LOAN</subfield>
    <subfield code="W">2023-08-17 22:04:01 Europe/Berlin</subfield>
    <subfield code="u">SUED</subfield>
    <subfield code="w">SUED</subfield>
  </datafield>
  <datafield tag="H52" ind1="#" ind2=" ">
    <subfield code="b">EFB</subfield>
    <subfield code="c">Freihand</subfield>
    <subfield code="8">22194328950006445</subfield>
  </datafield>
  <datafield tag="HOL" ind1=" " ind2=" ">
    <subfield code="d">2023-08-30 13:09:19</subfield>
    <subfield code="8">22194328950006445</subfield>
    <subfield code="b">2021-04-19 15:23:22</subfield>
    <subfield code="M">49HBZ_UBD</subfield>
    <subfield code="g">false</subfield>
    <subfield code="a">import</subfield>
    <subfield code="c">System</subfield>
  </datafield>
  <datafield tag="ITM" ind1=" " ind2=" ">
    <subfield code="H">22194328950006445</subfield>
    <subfield code="x">Freihand</subfield>
    <subfield code="f">BOOK</subfield>
    <subfield code="v">Freihand</subfield>
    <subfield code="X">System</subfield>
    <subfield code="U">2021-04-19 12:59:00 Europe/Berlin</subfield>
    <subfield code="Y">2023-08-30 15:09:40 Europe/Berlin</subfield>
    <subfield code="h">false</subfield>
    <subfield code="n">A 11740</subfield>
    <subfield code="G">1</subfield>
    <subfield code="M">49HBZ_UBD</subfield>
    <subfield code="s">0</subfield>
    <subfield code="d">#</subfield>
    <subfield code="V">import</subfield>
    <subfield code="L">ClassificationNo: 100 | SISIS-Magazindrucker: 0 | HBZ01: HT015014677</subfield>
    <subfield code="b">12837764</subfield>
    <subfield code="O">SISIS-Ausleihzähler vorletztes Migrationsjahr: 0 | SISIS-Vormerkzähler Migrationsjahr: 0 | SISIS-vorletztes Rückgabedatum: 2011-06-22 | SISIS-Buchdaten-Aufnahmedatum: 2007-05-11</subfield>
    <subfield code="N">Fernleihkonditionen: 0 | Sigel: 290 | Klassifikation: 100 | Altersbegrenzung: 0 | SISIS-Ausleihzähler Migrationsjahr: 0 | SISIS-Ausleihzähler Vor-Migrationsjahr: 0</subfield>
    <subfield code="a">23194328940006445</subfield>
    <subfield code="r">LOAN</subfield>
    <subfield code="W">2021-04-19 17:23:22 Europe/Berlin</subfield>
    <subfield code="u">EFB</subfield>
    <subfield code="w">EFB</subfield>
  </datafield>
  <datafield tag="H52" ind1="8" ind2="1">
    <subfield code="b">T0011</subfield>
    <subfield code="c">UNASSIGNED</subfield>
    <subfield code="8">22271771190006470</subfield>
  </datafield>
  <datafield tag="HOL" ind1=" " ind2=" ">
    <subfield code="b">2023-08-13 15:41:48</subfield>
    <subfield code="8">22271771190006470</subfield>
    <subfield code="M">49HBZ_UBT</subfield>
    <subfield code="g">false</subfield>
    <subfield code="a">import</subfield>
  </datafield>
  <datafield tag="H52" ind1="8" ind2=" ">
    <subfield code="b">T0011</subfield>
    <subfield code="c">09</subfield>
    <subfield code="h">NF/a17778</subfield>
    <subfield code="8">22271771210006470</subfield>
  </datafield>
  <datafield tag="HOL" ind1=" " ind2=" ">
    <subfield code="b">2023-08-13 15:41:48</subfield>
    <subfield code="8">22271771210006470</subfield>
    <subfield code="M">49HBZ_UBT</subfield>
    <subfield code="g">false</subfield>
    <subfield code="a">import</subfield>
  </datafield>
  <datafield tag="ITM" ind1=" " ind2=" ">
    <subfield code="H">22271771210006470</subfield>
    <subfield code="x">09</subfield>
    <subfield code="f">BOOK</subfield>
    <subfield code="v">09</subfield>
    <subfield code="p">20</subfield>
    <subfield code="X">System</subfield>
    <subfield code="U">2007-03-27 12:59:00 Europe/Berlin</subfield>
    <subfield code="Y">2023-08-13 17:43:13 Europe/Berlin</subfield>
    <subfield code="h">false</subfield>
    <subfield code="n">NF/a17778</subfield>
    <subfield code="P">02/d/n/</subfield>
    <subfield code="M">49HBZ_UBT</subfield>
    <subfield code="s">1</subfield>
    <subfield code="d">8</subfield>
    <subfield code="V">import</subfield>
    <subfield code="b">0063.6230.87</subfield>
    <subfield code="a">23271771200006470</subfield>
    <subfield code="t">8</subfield>
    <subfield code="R">Maintenance count: 008</subfield>
    <subfield code="c">NF/a17778</subfield>
    <subfield code="S">BE07-4223</subfield>
    <subfield code="B">07-1915</subfield>
    <subfield code="D">20070426</subfield>
    <subfield code="W">2007-03-27 02:00:00 Europe/Berlin</subfield>
    <subfield code="u">T0011</subfield>
    <subfield code="w">T0011</subfield>
  </datafield>
  <datafield tag="H52" ind1="#" ind2=" ">
    <subfield code="b">0</subfield>
    <subfield code="c">0-Frei1</subfield>
    <subfield code="h">2007/2934</subfield>
    <subfield code="8">22245806030006467</subfield>
  </datafield>
  <datafield tag="HOL" ind1=" " ind2=" ">
    <subfield code="b">2023-07-24 08:04:22</subfield>
    <subfield code="8">22245806030006467</subfield>
    <subfield code="M">49HBZ_ULB</subfield>
    <subfield code="g">false</subfield>
    <subfield code="a">import</subfield>
  </datafield>
  <datafield tag="ITM" ind1=" " ind2=" ">
    <subfield code="H">22245806030006467</subfield>
    <subfield code="x">0-Frei1</subfield>
    <subfield code="f">BOOK</subfield>
    <subfield code="v">0-Frei1</subfield>
    <subfield code="X">AMO_TL2_FIX</subfield>
    <subfield code="U">2023-07-23 12:59:00 Europe/Berlin</subfield>
    <subfield code="Y">2023-07-25 08:01:39 Europe/Berlin</subfield>
    <subfield code="h">false</subfield>
    <subfield code="n">2007/2934</subfield>
    <subfield code="G">1</subfield>
    <subfield code="M">49HBZ_ULB</subfield>
    <subfield code="s">1</subfield>
    <subfield code="d">#</subfield>
    <subfield code="V">import</subfield>
    <subfield code="b">2007/2934</subfield>
    <subfield code="O">SISIS-Ausleihzähler Migrationsjahr: 0 | SISIS-Ausleihzähler Vor-Migrationsjahr: 1 | SISIS-Ausleihzähler vorletztes Migrationsjahr: 0 | SISIS-Vormerkzähler Migrationsjahr: 0 | SISIS-vorletztes Rückgabedatum: 2019-04-02 | SISIS-Buchdaten-Aufnahmedatum: 2007-04-20</subfield>
    <subfield code="N">SISIS-ULBSystematik: 4 | SISIS-Magazindrucker: 0 | SISIS-Fernleihkonditionen: 0 | SISIS-Medientyp: 0 | Sigel: 5 | SISIS-Entleihbarkeit: S | SISIS-Zweigstelle: 0</subfield>
    <subfield code="a">23245806020006467</subfield>
    <subfield code="c">2007/2934</subfield>
    <subfield code="W">2023-07-24 10:04:22 Europe/Berlin</subfield>
    <subfield code="u">0</subfield>
    <subfield code="w">0</subfield>
  </datafield>
  <datafield tag="H52" ind1="8" ind2=" ">
    <subfield code="b">UB_BI</subfield>
    <subfield code="c">01_Mono</subfield>
    <subfield code="h">AD552 W3S4</subfield>
    <subfield code="8">22274927840006442</subfield>
  </datafield>
  <datafield tag="HOL" ind1=" " ind2=" ">
    <subfield code="b">2021-04-19 05:30:37</subfield>
    <subfield code="8">22274927840006442</subfield>
    <subfield code="M">49HBZ_BIE</subfield>
    <subfield code="g">false</subfield>
    <subfield code="a">import</subfield>
  </datafield>
  <datafield tag="ITM" ind1=" " ind2=" ">
    <subfield code="H">22274927840006442</subfield>
    <subfield code="x">01_Mono</subfield>
    <subfield code="f">BOOK</subfield>
    <subfield code="v">01_Mono</subfield>
    <subfield code="p">item_08</subfield>
    <subfield code="X">Cutover_Fix_OSID</subfield>
    <subfield code="U">2021-04-18 12:59:00 Europe/Berlin</subfield>
    <subfield code="Y">2021-04-19 07:31:13 Europe/Berlin</subfield>
    <subfield code="h">false</subfield>
    <subfield code="M">49HBZ_BIE</subfield>
    <subfield code="s">1</subfield>
    <subfield code="d">8</subfield>
    <subfield code="V">import</subfield>
    <subfield code="L">Abteilung/Standort/Haushaltsstufe: 1 | SISIS-Magazindrucker: 0 | HBZ01: HT015014677 | Keine Beilagen: 1</subfield>
    <subfield code="b">018/4199848+02</subfield>
    <subfield code="O">SISIS-Ausleihzähler vorletztes Migrationsjahr: 0 | SISIS-Vormerkzähler Migrationsjahr: 0 | SISIS-vorletztes Rückgabedatum: 2011-07-15 | SISIS-Buchdaten-Aufnahmedatum: 2009-05-29</subfield>
    <subfield code="N">Fernleihkonditionen: 0 | Sigel: 361 | Klassifikation: 01_Mono | Altersbegrenzung: 0 | SISIS-Ausleihzähler Migrationsjahr: 0 | SISIS-Ausleihzähler Vor-Migrationsjahr: 0</subfield>
    <subfield code="a">23274927800006442</subfield>
    <subfield code="c">AD552 W3S4</subfield>
    <subfield code="B">09-8691</subfield>
    <subfield code="W">2021-04-19 07:30:37 Europe/Berlin</subfield>
    <subfield code="u">UB_BI</subfield>
    <subfield code="w">UB_BI</subfield>
  </datafield>
  <datafield tag="ITM" ind1=" " ind2=" ">
    <subfield code="H">22274927840006442</subfield>
    <subfield code="x">01_Mono</subfield>
    <subfield code="f">BOOK</subfield>
    <subfield code="v">01_Mono</subfield>
    <subfield code="p">item_08</subfield>
    <subfield code="X">Cutover_Fix_OSID</subfield>
    <subfield code="U">2021-04-18 12:59:00 Europe/Berlin</subfield>
    <subfield code="Y">2021-04-19 07:31:13 Europe/Berlin</subfield>
    <subfield code="h">false</subfield>
    <subfield code="M">49HBZ_BIE</subfield>
    <subfield code="s">1</subfield>
    <subfield code="d">8</subfield>
    <subfield code="V">import</subfield>
    <subfield code="L">Abteilung/Standort/Haushaltsstufe: 1 | SISIS-Magazindrucker: 0 | HBZ01: HT015014677 | Keine Beilagen: 1</subfield>
    <subfield code="b">018/4199848+01</subfield>
    <subfield code="O">SISIS-Ausleihzähler vorletztes Migrationsjahr: 0 | SISIS-Vormerkzähler Migrationsjahr: 0 | SISIS-vorletztes Rückgabedatum: 2010-08-05 | SISIS-Buchdaten-Aufnahmedatum: 2007-11-02</subfield>
    <subfield code="N">Fernleihkonditionen: 0 | Sigel: 361 | Klassifikation: 01_Mono | Altersbegrenzung: 0 | SISIS-Ausleihzähler Migrationsjahr: 0 | SISIS-Ausleihzähler Vor-Migrationsjahr: 0</subfield>
    <subfield code="a">23274927810006442</subfield>
    <subfield code="c">AD552 W3S4</subfield>
    <subfield code="B">07-14375</subfield>
    <subfield code="W">2021-04-19 07:30:37 Europe/Berlin</subfield>
    <subfield code="u">UB_BI</subfield>
    <subfield code="w">UB_BI</subfield>
  </datafield>
  <datafield tag="H52" ind1="8" ind2=" ">
    <subfield code="b">SOZ</subfield>
    <subfield code="c">SOZ_BIB</subfield>
    <subfield code="h">G3-1223</subfield>
    <subfield code="8">22181911580006471</subfield>
  </datafield>
  <datafield tag="HOL" ind1=" " ind2=" ">
    <subfield code="b">2023-07-30 19:27:34</subfield>
    <subfield code="8">22181911580006471</subfield>
    <subfield code="M">49HBZ_UBO</subfield>
    <subfield code="g">false</subfield>
    <subfield code="a">import</subfield>
  </datafield>
  <datafield tag="H52" ind1="8" ind2=" ">
    <subfield code="b">PHILO</subfield>
    <subfield code="c">PHILO_BIB</subfield>
    <subfield code="h">W-0.2007.BEC</subfield>
    <subfield code="8">22181911560006471</subfield>
  </datafield>
  <datafield tag="HOL" ind1=" " ind2=" ">
    <subfield code="b">2023-07-30 19:27:34</subfield>
    <subfield code="8">22181911560006471</subfield>
    <subfield code="M">49HBZ_UBO</subfield>
    <subfield code="g">false</subfield>
    <subfield code="a">import</subfield>
  </datafield>
  <datafield tag="ITM" ind1=" " ind2=" ">
    <subfield code="H">22181911580006471</subfield>
    <subfield code="x">SOZ_BIB</subfield>
    <subfield code="f">BOOK</subfield>
    <subfield code="v">SOZ_BIB</subfield>
    <subfield code="p">X</subfield>
    <subfield code="X">AMO_TL2_FIX</subfield>
    <subfield code="U">2023-07-30 12:59:00 Europe/Berlin</subfield>
    <subfield code="Y">2023-07-31 18:08:30 Europe/Berlin</subfield>
    <subfield code="h">false</subfield>
    <subfield code="n">G3-1223</subfield>
    <subfield code="G">1</subfield>
    <subfield code="M">49HBZ_UBO</subfield>
    <subfield code="s">1</subfield>
    <subfield code="d">8</subfield>
    <subfield code="V">import</subfield>
    <subfield code="L">2.Sig/InvNr: 2008/484 | HBZ01: HT015014677 | Anzahl  Beilagen: 1</subfield>
    <subfield code="b">117035917</subfield>
    <subfield code="O">SISIS-Vormerkzähler Migrationsjahr: 0 | SISIS-Buchdaten-Aufnahmedatum: 2008-10-06 | FussnoteIInt: 08/484;08/484</subfield>
    <subfield code="N">Sigel: 294/17 | Klassifikation: 0 | SISIS-Ausleihzähler Migrationsjahr: 0</subfield>
    <subfield code="a">23181911570006471</subfield>
    <subfield code="c">G3-1223</subfield>
    <subfield code="W">2023-07-30 21:27:34 Europe/Berlin</subfield>
    <subfield code="u">SOZ</subfield>
    <subfield code="w">SOZ</subfield>
  </datafield>
  <datafield tag="ITM" ind1=" " ind2=" ">
    <subfield code="H">22181911560006471</subfield>
    <subfield code="x">PHILO_BIB</subfield>
    <subfield code="f">BOOK</subfield>
    <subfield code="v">PHILO_BIB</subfield>
    <subfield code="p">X</subfield>
    <subfield code="X">AMO_TL2_FIX</subfield>
    <subfield code="U">2023-07-30 12:59:00 Europe/Berlin</subfield>
    <subfield code="Y">2023-07-31 18:08:30 Europe/Berlin</subfield>
    <subfield code="h">false</subfield>
    <subfield code="n">W-0.2007.BEC</subfield>
    <subfield code="G">1</subfield>
    <subfield code="M">49HBZ_UBO</subfield>
    <subfield code="s">1</subfield>
    <subfield code="d">8</subfield>
    <subfield code="V">import</subfield>
    <subfield code="L">HBZ01: HT015014677 | Anzahl  Beilagen: 1</subfield>
    <subfield code="b">TEMPHBZ60035679897-000010</subfield>
    <subfield code="O">SISIS-Vormerkzähler Migrationsjahr: 0 | SISIS-Buchdaten-Aufnahmedatum: 2008-05-26 | FussnoteIInt: 2007/1015;2007/1015;2007/1015</subfield>
    <subfield code="N">Sigel: 294/28 | Klassifikation: 0 | SISIS-Ausleihzähler Migrationsjahr: 0</subfield>
    <subfield code="a">23181911550006471</subfield>
    <subfield code="c">W-0.2007.BEC</subfield>
    <subfield code="W">2023-07-30 21:27:34 Europe/Berlin</subfield>
    <subfield code="u">PHILO</subfield>
    <subfield code="w">PHILO</subfield>
  </datafield>
  <datafield tag="H52" ind1="8" ind2=" ">
    <subfield code="b">E0001</subfield>
    <subfield code="c">E91</subfield>
    <subfield code="h">AWU40445-13</subfield>
    <subfield code="8">22390395440006446</subfield>
  </datafield>
  <datafield tag="HOL" ind1=" " ind2=" ">
    <subfield code="b">2021-04-15 17:04:41</subfield>
    <subfield code="8">22390395440006446</subfield>
    <subfield code="M">49HBZ_UDE</subfield>
    <subfield code="g">false</subfield>
    <subfield code="a">import</subfield>
  </datafield>
  <datafield tag="ITM" ind1=" " ind2=" ">
    <subfield code="H">22390395440006446</subfield>
    <subfield code="x">E91</subfield>
    <subfield code="f">BOOK</subfield>
    <subfield code="v">E91</subfield>
    <subfield code="p">12</subfield>
    <subfield code="X">System</subfield>
    <subfield code="U">2010-04-15 12:59:00 Europe/Berlin</subfield>
    <subfield code="Y">2021-05-14 13:04:18 Europe/Berlin</subfield>
    <subfield code="h">false</subfield>
    <subfield code="n">AWU40445-13+1</subfield>
    <subfield code="P">01</subfield>
    <subfield code="M">49HBZ_UDE</subfield>
    <subfield code="s">1</subfield>
    <subfield code="d">8</subfield>
    <subfield code="V">import</subfield>
    <subfield code="b">E00750581</subfield>
    <subfield code="a">23390395420006446</subfield>
    <subfield code="t">8</subfield>
    <subfield code="c">AWU40445-13</subfield>
    <subfield code="S">BL-10-253</subfield>
    <subfield code="B">10/8902</subfield>
    <subfield code="D">20100430</subfield>
    <subfield code="W">2010-04-15 02:00:00 Europe/Berlin</subfield>
    <subfield code="u">E0001</subfield>
    <subfield code="w">E0001</subfield>
  </datafield>
  <datafield tag="ITM" ind1=" " ind2=" ">
    <subfield code="H">22390395440006446</subfield>
    <subfield code="x">E91</subfield>
    <subfield code="f">BOOK</subfield>
    <subfield code="v">E91</subfield>
    <subfield code="p">12</subfield>
    <subfield code="X">System</subfield>
    <subfield code="U">2007-03-21 11:59:00 Europe/Berlin</subfield>
    <subfield code="Y">2021-05-14 13:04:21 Europe/Berlin</subfield>
    <subfield code="h">false</subfield>
    <subfield code="n">AWU40445-13</subfield>
    <subfield code="P">01</subfield>
    <subfield code="M">49HBZ_UDE</subfield>
    <subfield code="s">1</subfield>
    <subfield code="d">8</subfield>
    <subfield code="V">import</subfield>
    <subfield code="b">E00290166</subfield>
    <subfield code="a">23390395430006446</subfield>
    <subfield code="t">8</subfield>
    <subfield code="c">AWU40445-13</subfield>
    <subfield code="S">FFA-144</subfield>
    <subfield code="D">20070321</subfield>
    <subfield code="W">2007-03-21 01:00:00 Europe/Berlin</subfield>
    <subfield code="u">E0001</subfield>
    <subfield code="w">E0001</subfield>
  </datafield>
  <datafield tag="H52" ind1="8" ind2="1">
    <subfield code="b">RL001</subfield>
    <subfield code="z">entknuepfter_ls_ko</subfield>
    <subfield code="c">UNASSIGNED</subfield>
    <subfield code="8">2230787670008057</subfield>
  </datafield>
  <datafield tag="HOL" ind1=" " ind2=" ">
    <subfield code="b">2023-08-14 06:56:26</subfield>
    <subfield code="8">2230787670008057</subfield>
    <subfield code="M">49HBZ_UKO</subfield>
    <subfield code="g">false</subfield>
    <subfield code="a">import</subfield>
  </datafield>
  <datafield tag="H52" ind1="8" ind2=" ">
    <subfield code="b">RL001</subfield>
    <subfield code="c">FRHKO</subfield>
    <subfield code="h">AL/RE 2008 2580</subfield>
    <subfield code="8">2230787690008057</subfield>
  </datafield>
  <datafield tag="HOL" ind1=" " ind2=" ">
    <subfield code="b">2023-08-14 06:56:26</subfield>
    <subfield code="8">2230787690008057</subfield>
    <subfield code="M">49HBZ_UKO</subfield>
    <subfield code="g">false</subfield>
    <subfield code="a">import</subfield>
  </datafield>
  <datafield tag="ITM" ind1=" " ind2=" ">
    <subfield code="H">2230787690008057</subfield>
    <subfield code="x">FRHKO</subfield>
    <subfield code="f">BOOK</subfield>
    <subfield code="v">FRHKO</subfield>
    <subfield code="p">10</subfield>
    <subfield code="X">System</subfield>
    <subfield code="U">2008-06-19 12:59:00 Europe/Berlin</subfield>
    <subfield code="Y">2023-08-14 08:58:44 Europe/Berlin</subfield>
    <subfield code="h">false</subfield>
    <subfield code="n">AL/RE 2008 2580</subfield>
    <subfield code="M">49HBZ_UKO</subfield>
    <subfield code="s">1</subfield>
    <subfield code="d">8</subfield>
    <subfield code="V">import</subfield>
    <subfield code="b">M20 4473</subfield>
    <subfield code="a">2330787680008057</subfield>
    <subfield code="t">8</subfield>
    <subfield code="R">Maintenance count: 001</subfield>
    <subfield code="c">AL/RE 2008 2580</subfield>
    <subfield code="S">KO-28834</subfield>
    <subfield code="B">K2008/2580</subfield>
    <subfield code="D">20080626</subfield>
    <subfield code="W">2008-06-19 02:00:00 Europe/Berlin</subfield>
    <subfield code="u">RL001</subfield>
    <subfield code="w">RL001</subfield>
  </datafield>
  <datafield tag="H52" ind1=" " ind2=" ">
    <subfield code="b">38</subfield>
    <subfield code="c">38-SAB</subfield>
    <subfield code="8">22308363950006476</subfield>
  </datafield>
  <datafield tag="HOL" ind1=" " ind2=" ">
    <subfield code="b">2023-08-22 16:04:36</subfield>
    <subfield code="8">22308363950006476</subfield>
    <subfield code="M">49HBZ_UBK</subfield>
    <subfield code="g">false</subfield>
    <subfield code="a">import</subfield>
  </datafield>
  <datafield tag="H52" ind1=" " ind2=" ">
    <subfield code="b">38-307</subfield>
    <subfield code="c">38-307-FHM</subfield>
    <subfield code="8">22308363910006476</subfield>
  </datafield>
  <datafield tag="HOL" ind1=" " ind2=" ">
    <subfield code="b">2023-08-22 16:04:36</subfield>
    <subfield code="8">22308363910006476</subfield>
    <subfield code="M">49HBZ_UBK</subfield>
    <subfield code="g">false</subfield>
    <subfield code="a">import</subfield>
  </datafield>
  <datafield tag="ITM" ind1=" " ind2=" ">
    <subfield code="H">22308363950006476</subfield>
    <subfield code="x">38-SAB</subfield>
    <subfield code="f">BOOK</subfield>
    <subfield code="v">38-SAB</subfield>
    <subfield code="p">A</subfield>
    <subfield code="X">AMO_HBZ_FIX</subfield>
    <subfield code="U">2023-08-21 12:59:00 Europe/Berlin</subfield>
    <subfield code="Y">2023-08-24 04:52:25 Europe/Berlin</subfield>
    <subfield code="h">false</subfield>
    <subfield code="n">34A7510#a</subfield>
    <subfield code="G">1</subfield>
    <subfield code="M">49HBZ_UBK</subfield>
    <subfield code="s">1</subfield>
    <subfield code="d">#</subfield>
    <subfield code="V">import</subfield>
    <subfield code="b">34A7510#a</subfield>
    <subfield code="O">HBZ01: HT015014677 | Aufnahmedatum: 2007-08-16 | Klassifikation: 630</subfield>
    <subfield code="a">23308363920006476</subfield>
    <subfield code="W">2023-08-22 18:04:36 Europe/Berlin</subfield>
    <subfield code="u">38</subfield>
    <subfield code="w">38</subfield>
  </datafield>
  <datafield tag="ITM" ind1=" " ind2=" ">
    <subfield code="H">22308363950006476</subfield>
    <subfield code="x">38-SAB</subfield>
    <subfield code="f">BOOK</subfield>
    <subfield code="v">38-SAB</subfield>
    <subfield code="p">A</subfield>
    <subfield code="X">AMO_HBZ_FIX</subfield>
    <subfield code="U">2023-08-21 12:59:00 Europe/Berlin</subfield>
    <subfield code="Y">2023-08-24 04:52:25 Europe/Berlin</subfield>
    <subfield code="h">false</subfield>
    <subfield code="n">34A7510</subfield>
    <subfield code="G">1</subfield>
    <subfield code="M">49HBZ_UBK</subfield>
    <subfield code="s">1</subfield>
    <subfield code="d">#</subfield>
    <subfield code="V">import</subfield>
    <subfield code="b">34A7510</subfield>
    <subfield code="O">HBZ01: HT015014677 | Aufnahmedatum: 2007-07-24 | Klassifikation: 630</subfield>
    <subfield code="a">23308363930006476</subfield>
    <subfield code="W">2023-08-22 18:04:36 Europe/Berlin</subfield>
    <subfield code="u">38</subfield>
    <subfield code="w">38</subfield>
  </datafield>
  <datafield tag="ITM" ind1=" " ind2=" ">
    <subfield code="H">22308363910006476</subfield>
    <subfield code="x">38-307-FHM</subfield>
    <subfield code="f">BOOK</subfield>
    <subfield code="v">38-307-FHM</subfield>
    <subfield code="p">A</subfield>
    <subfield code="X">AMO_HBZ_FIX</subfield>
    <subfield code="U">2023-08-21 12:59:00 Europe/Berlin</subfield>
    <subfield code="Y">2023-08-24 04:52:25 Europe/Berlin</subfield>
    <subfield code="h">false</subfield>
    <subfield code="n">HFB/302/Becher</subfield>
    <subfield code="G">1</subfield>
    <subfield code="M">49HBZ_UBK</subfield>
    <subfield code="s">1</subfield>
    <subfield code="d">#</subfield>
    <subfield code="V">import</subfield>
    <subfield code="L">Inv.-Nr.: FBH2009/0721</subfield>
    <subfield code="b">302/0660013</subfield>
    <subfield code="O">HBZ01: HT015014677 | Aufnahmedatum: 2023-01-26 | Klassifikation: 0</subfield>
    <subfield code="a">23308363900006476</subfield>
    <subfield code="W">2023-08-22 18:04:36 Europe/Berlin</subfield>
    <subfield code="u">38-307</subfield>
    <subfield code="w">38-307</subfield>
  </datafield>
  <datafield tag="H52" ind1="8" ind2=" ">
    <subfield code="b">ZB</subfield>
    <subfield code="c">ZB_AUSB</subfield>
    <subfield code="h">3F 70852</subfield>
    <subfield code="8">22510054210006449</subfield>
  </datafield>
  <datafield tag="HOL" ind1=" " ind2=" ">
    <subfield code="b">2022-07-11 09:12:30</subfield>
    <subfield code="8">22510054210006449</subfield>
    <subfield code="M">49HBZ_ULM</subfield>
    <subfield code="g">false</subfield>
    <subfield code="a">import</subfield>
  </datafield>
  <datafield tag="H52" ind1="8" ind2=" ">
    <subfield code="b">PSY</subfield>
    <subfield code="c">PSY_BIB</subfield>
    <subfield code="h">XC 01/007</subfield>
    <subfield code="8">22510054160006449</subfield>
  </datafield>
  <datafield tag="HOL" ind1=" " ind2=" ">
    <subfield code="b">2022-07-11 09:12:30</subfield>
    <subfield code="8">22510054160006449</subfield>
    <subfield code="M">49HBZ_ULM</subfield>
    <subfield code="g">false</subfield>
    <subfield code="a">import</subfield>
  </datafield>
  <datafield tag="H52" ind1="8" ind2=" ">
    <subfield code="b">BEK</subfield>
    <subfield code="c">BEK_MAG</subfield>
    <subfield code="h">XI 277</subfield>
    <subfield code="8">22510054180006449</subfield>
  </datafield>
  <datafield tag="HOL" ind1=" " ind2=" ">
    <subfield code="b">2022-07-11 09:12:30</subfield>
    <subfield code="8">22510054180006449</subfield>
    <subfield code="M">49HBZ_ULM</subfield>
    <subfield code="g">false</subfield>
    <subfield code="a">import</subfield>
  </datafield>
  <datafield tag="ITM" ind1=" " ind2=" ">
    <subfield code="H">22510054210006449</subfield>
    <subfield code="x">ZB_AUSB</subfield>
    <subfield code="f">BOOK</subfield>
    <subfield code="v">ZB_AUSB</subfield>
    <subfield code="X">AMO_TL2_FIX</subfield>
    <subfield code="U">2022-07-10 12:59:00 Europe/Berlin</subfield>
    <subfield code="Y">2022-07-12 13:10:54 Europe/Berlin</subfield>
    <subfield code="h">false</subfield>
    <subfield code="J">Ausbildung</subfield>
    <subfield code="Q">SISIS-Ausleihzähler Migrationsjahr: 0 | SISIS-Ausleihzähler Vor-Migrationsjahr: 0 | SISIS-Ausleihzähler vorletztes Migrationsjahr: 0</subfield>
    <subfield code="M">49HBZ_ULM</subfield>
    <subfield code="s">1</subfield>
    <subfield code="d">8</subfield>
    <subfield code="V">import</subfield>
    <subfield code="b">3F 70852</subfield>
    <subfield code="O">Fernleihkonditionen: 3</subfield>
    <subfield code="a">23510054190006449</subfield>
    <subfield code="R">DBS-Systematik: 1</subfield>
    <subfield code="c">3F 70852</subfield>
    <subfield code="W">2022-07-11 11:12:30 Europe/Berlin</subfield>
    <subfield code="u">ZB</subfield>
    <subfield code="w">ZB</subfield>
  </datafield>
  <datafield tag="ITM" ind1=" " ind2=" ">
    <subfield code="H">22510054160006449</subfield>
    <subfield code="x">PSY_BIB</subfield>
    <subfield code="f">BOOK</subfield>
    <subfield code="v">PSY_BIB</subfield>
    <subfield code="X">AMO_TL2_FIX</subfield>
    <subfield code="U">2022-07-10 12:59:00 Europe/Berlin</subfield>
    <subfield code="Y">2022-07-12 13:10:54 Europe/Berlin</subfield>
    <subfield code="h">false</subfield>
    <subfield code="J">Seht im Handapparat "Aufsicht". Auf Nachfrage bei der Bibliotheksaufsicht zu bekommen.</subfield>
    <subfield code="Q">SISIS-Ausleihzähler Migrationsjahr: 0 | SISIS-Ausleihzähler Vor-Migrationsjahr: 0 | SISIS-Ausleihzähler vorletztes Migrationsjahr: 0</subfield>
    <subfield code="M">49HBZ_ULM</subfield>
    <subfield code="s">1</subfield>
    <subfield code="d">8</subfield>
    <subfield code="V">import</subfield>
    <subfield code="b">Z69-036921</subfield>
    <subfield code="O">Fernleihkonditionen: 3</subfield>
    <subfield code="a">23510054150006449</subfield>
    <subfield code="R">DBS-Systematik: 0</subfield>
    <subfield code="c">XC 01/007</subfield>
    <subfield code="W">2022-07-11 11:12:30 Europe/Berlin</subfield>
    <subfield code="u">PSY</subfield>
    <subfield code="w">PSY</subfield>
  </datafield>
  <datafield tag="ITM" ind1=" " ind2=" ">
    <subfield code="H">22510054180006449</subfield>
    <subfield code="x">BEK_MAG</subfield>
    <subfield code="f">BOOK</subfield>
    <subfield code="v">BEK_MAG</subfield>
    <subfield code="X">AMO_TL2_FIX</subfield>
    <subfield code="U">2022-07-10 12:59:00 Europe/Berlin</subfield>
    <subfield code="Y">2022-07-12 13:10:54 Europe/Berlin</subfield>
    <subfield code="h">false</subfield>
    <subfield code="Q">SISIS-Ausleihzähler Migrationsjahr: 0 | SISIS-Ausleihzähler Vor-Migrationsjahr: 0 | SISIS-Ausleihzähler vorletztes Migrationsjahr: 0</subfield>
    <subfield code="M">49HBZ_ULM</subfield>
    <subfield code="s">1</subfield>
    <subfield code="d">8</subfield>
    <subfield code="V">import</subfield>
    <subfield code="b">Z67-064227</subfield>
    <subfield code="O">Fernleihkonditionen: 3</subfield>
    <subfield code="a">23510054170006449</subfield>
    <subfield code="R">DBS-Systematik: 1</subfield>
    <subfield code="c">XI 277</subfield>
    <subfield code="W">2022-07-11 11:12:30 Europe/Berlin</subfield>
    <subfield code="u">BEK</subfield>
    <subfield code="w">BEK</subfield>
  </datafield>
  <datafield tag="H52" ind1="8" ind2=" ">
    <subfield code="b">P0001</subfield>
    <subfield code="c">11</subfield>
    <subfield code="8">22115327390006463</subfield>
  </datafield>
  <datafield tag="HOL" ind1=" " ind2=" ">
    <subfield code="b">2022-07-14 08:33:26</subfield>
    <subfield code="8">22115327390006463</subfield>
    <subfield code="M">49HBZ_PAD</subfield>
    <subfield code="g">false</subfield>
    <subfield code="a">import</subfield>
  </datafield>
  <datafield tag="H52" ind1="8" ind2="1">
    <subfield code="b">P0001</subfield>
    <subfield code="c">UNASSIGNED</subfield>
    <subfield code="8">22115327370006463</subfield>
  </datafield>
  <datafield tag="HOL" ind1=" " ind2=" ">
    <subfield code="b">2022-07-14 08:33:26</subfield>
    <subfield code="8">22115327370006463</subfield>
    <subfield code="M">49HBZ_PAD</subfield>
    <subfield code="g">false</subfield>
    <subfield code="a">import</subfield>
  </datafield>
  <datafield tag="ITM" ind1=" " ind2=" ">
    <subfield code="H">22115327390006463</subfield>
    <subfield code="x">11</subfield>
    <subfield code="f">BOOK</subfield>
    <subfield code="v">11</subfield>
    <subfield code="p">20</subfield>
    <subfield code="X">k.münstermann</subfield>
    <subfield code="U">2007-03-26 12:59:00 Europe/Berlin</subfield>
    <subfield code="Y">2022-11-04 07:57:32 Europe/Berlin</subfield>
    <subfield code="h">false</subfield>
    <subfield code="n">AVY1256</subfield>
    <subfield code="P">53///</subfield>
    <subfield code="M">49HBZ_PAD</subfield>
    <subfield code="s">0</subfield>
    <subfield code="d">8</subfield>
    <subfield code="V">import</subfield>
    <subfield code="b">AVY1256</subfield>
    <subfield code="a">23115327380006463</subfield>
    <subfield code="t">8</subfield>
    <subfield code="R">Maintenance count: 002</subfield>
    <subfield code="r">LOAN</subfield>
    <subfield code="S">M-07-2202</subfield>
    <subfield code="B">07/3274</subfield>
    <subfield code="D">20070418</subfield>
    <subfield code="W">2007-03-26 02:00:00 Europe/Berlin</subfield>
    <subfield code="u">P0001</subfield>
    <subfield code="w">P0001</subfield>
  </datafield>
  <datafield tag="H52" ind1="8" ind2=" ">
    <subfield code="b">GE</subfield>
    <subfield code="c">01</subfield>
    <subfield code="h">AVY502</subfield>
    <subfield code="8">2213573820006456</subfield>
  </datafield>
  <datafield tag="HOL" ind1=" " ind2=" ">
    <subfield code="b">2022-07-13 07:20:07</subfield>
    <subfield code="8">2213573820006456</subfield>
    <subfield code="M">49HBZ_WHS</subfield>
    <subfield code="g">false</subfield>
    <subfield code="a">import</subfield>
  </datafield>
  <datafield tag="ITM" ind1=" " ind2=" ">
    <subfield code="H">2213573820006456</subfield>
    <subfield code="x">01</subfield>
    <subfield code="f">BOOK</subfield>
    <subfield code="v">01</subfield>
    <subfield code="p">N</subfield>
    <subfield code="X">System</subfield>
    <subfield code="U">2022-07-12 12:59:00 Europe/Berlin</subfield>
    <subfield code="Y">2022-07-13 09:21:47 Europe/Berlin</subfield>
    <subfield code="h">false</subfield>
    <subfield code="n">AVY502</subfield>
    <subfield code="M">49HBZ_WHS</subfield>
    <subfield code="s">1</subfield>
    <subfield code="d">8</subfield>
    <subfield code="V">import</subfield>
    <subfield code="b">00006901</subfield>
    <subfield code="O">Ausleihhistorie: 20.12.2010|14.04.2009  12:05:00</subfield>
    <subfield code="N">Haushalt: M/GE | Lieferant: Dietmar Dreier Wissenschaftliche Versandbuchhandlung GmbH | Erwerbungsdatum: 30.08.2007 | Medientyp: b</subfield>
    <subfield code="a">2313573740006456</subfield>
    <subfield code="c">AVY502</subfield>
    <subfield code="W">2022-07-13 09:20:07 Europe/Berlin</subfield>
    <subfield code="u">GE</subfield>
    <subfield code="w">GE</subfield>
  </datafield>
  <datafield tag="GST" ind1=" " ind2=" ">
    <subfield code="a">Quality Management</subfield>
    <subfield code="A">GND</subfield>
    <subfield code="B">GND-042190576</subfield>
    <subfield code="C">450</subfield>
  </datafield>
  <datafield tag="GST" ind1=" " ind2=" ">
    <subfield code="a">Total Quality Management</subfield>
    <subfield code="A">GND</subfield>
    <subfield code="B">GND-042190576</subfield>
    <subfield code="C">450</subfield>
  </datafield>
  <datafield tag="GST" ind1=" " ind2=" ">
    <subfield code="a">Unternehmen</subfield>
    <subfield code="x">Qualitätsmanagement</subfield>
    <subfield code="A">GND</subfield>
    <subfield code="B">GND-042190576</subfield>
    <subfield code="C">450</subfield>
  </datafield>
  <datafield tag="GST" ind1=" " ind2=" ">
    <subfield code="a">TQM</subfield>
    <subfield code="A">GND</subfield>
    <subfield code="B">GND-042190576</subfield>
    <subfield code="C">450</subfield>
  </datafield>
  <datafield tag="GST" ind1=" " ind2=" ">
    <subfield code="a">Qualitätssicherungssystem</subfield>
    <subfield code="A">GND</subfield>
    <subfield code="B">GND-042190576</subfield>
    <subfield code="C">450</subfield>
  </datafield>
  <datafield tag="GST" ind1=" " ind2=" ">
    <subfield code="a">Qualitätsmanagementsystem</subfield>
    <subfield code="A">GND</subfield>
    <subfield code="B">GND-042190576</subfield>
    <subfield code="C">450</subfield>
  </datafield>
  <datafield tag="GST" ind1=" " ind2=" ">
    <subfield code="a">Umfassendes Qualitätsmanagement</subfield>
    <subfield code="A">GND</subfield>
    <subfield code="B">GND-042190576</subfield>
    <subfield code="C">450</subfield>
  </datafield>
  <datafield tag="GST" ind1=" " ind2=" ">
    <subfield code="a">QM-System</subfield>
    <subfield code="A">GND</subfield>
    <subfield code="B">GND-042190576</subfield>
    <subfield code="C">450</subfield>
  </datafield>
  <datafield tag="GSI" ind1="7" ind2=" ">
    <subfield code="a">4219057-5</subfield>
    <subfield code="0">http://d-nb.info/gnd/4219057-5</subfield>
    <subfield code="2">gnd</subfield>
    <subfield code="A">GND</subfield>
    <subfield code="B">GND-042190576</subfield>
    <subfield code="C">024</subfield>
  </datafield>
  <datafield tag="GST" ind1=" " ind2=" ">
    <subfield code="a">Auskunfts- und Informationstätigkeit</subfield>
    <subfield code="9">v:Kunze, Lex. ges. Buchwesen</subfield>
    <subfield code="A">GND</subfield>
    <subfield code="B">GND-941238032</subfield>
    <subfield code="C">450</subfield>
  </datafield>
  <datafield tag="GST" ind1=" " ind2=" ">
    <subfield code="a">Auskunftstätigkeit</subfield>
    <subfield code="9">v:Kunze (1. Aufl.)</subfield>
    <subfield code="A">GND</subfield>
    <subfield code="B">GND-941238032</subfield>
    <subfield code="C">450</subfield>
  </datafield>
  <datafield tag="GST" ind1=" " ind2=" ">
    <subfield code="a">Auskunft</subfield>
    <subfield code="g">Auskunftsdienst</subfield>
    <subfield code="A">GND</subfield>
    <subfield code="B">GND-941238032</subfield>
    <subfield code="C">450</subfield>
  </datafield>
  <datafield tag="GSI" ind1="7" ind2=" ">
    <subfield code="a">4340792-4</subfield>
    <subfield code="0">http://d-nb.info/gnd/4340792-4</subfield>
    <subfield code="2">gnd</subfield>
    <subfield code="A">GND</subfield>
    <subfield code="B">GND-941238032</subfield>
    <subfield code="C">024</subfield>
  </datafield>
  <datafield tag="GST" ind1=" " ind2=" ">
    <subfield code="a">Bibliotheken</subfield>
    <subfield code="A">GND</subfield>
    <subfield code="B">GND-040064395</subfield>
    <subfield code="C">450</subfield>
  </datafield>
  <datafield tag="GST" ind1=" " ind2=" ">
    <subfield code="a">Allgemeinbibliothek</subfield>
    <subfield code="A">GND</subfield>
    <subfield code="B">GND-040064395</subfield>
    <subfield code="C">450</subfield>
  </datafield>
  <datafield tag="GST" ind1=" " ind2=" ">
    <subfield code="a">Bibliothekswesen</subfield>
    <subfield code="A">GND</subfield>
    <subfield code="B">GND-040064395</subfield>
    <subfield code="C">450</subfield>
  </datafield>
  <datafield tag="GST" ind1=" " ind2=" ">
    <subfield code="a">Bücherei</subfield>
    <subfield code="A">GND</subfield>
    <subfield code="B">GND-040064395</subfield>
    <subfield code="C">450</subfield>
  </datafield>
  <datafield tag="GST" ind1=" " ind2=" ">
    <subfield code="a">Universalbibliothek</subfield>
    <subfield code="9">v:B 1986, Quasisynonym</subfield>
    <subfield code="A">GND</subfield>
    <subfield code="B">GND-040064395</subfield>
    <subfield code="C">450</subfield>
  </datafield>
  <datafield tag="GST" ind1=" " ind2=" ">
    <subfield code="a">Gebrauchsbibliothek</subfield>
    <subfield code="9">v:Lex. ges. Buchwesen</subfield>
    <subfield code="A">GND</subfield>
    <subfield code="B">GND-040064395</subfield>
    <subfield code="C">450</subfield>
  </datafield>
  <datafield tag="GSI" ind1="7" ind2=" ">
    <subfield code="a">4006439-6</subfield>
    <subfield code="0">http://d-nb.info/gnd/4006439-6</subfield>
    <subfield code="2">gnd</subfield>
    <subfield code="A">GND</subfield>
    <subfield code="B">GND-040064395</subfield>
    <subfield code="C">024</subfield>
  </datafield>
  <datafield tag="GSI" ind1="7" ind2=" ">
    <subfield code="a">http://d-nb.info/gnd/4011882-4</subfield>
    <subfield code="2">uri</subfield>
    <subfield code="A">GND</subfield>
    <subfield code="B">GND-040118827</subfield>
    <subfield code="C">024</subfield>
  </datafield>
  <datafield tag="GGN" ind1=" " ind2=" ">
    <subfield code="a">Deutsche Länder</subfield>
    <subfield code="9">v:als Sammelbezeichnung für die RVK</subfield>
    <subfield code="A">GND</subfield>
    <subfield code="B">GND-040118827</subfield>
    <subfield code="C">451</subfield>
  </datafield>
  <datafield tag="GGN" ind1=" " ind2=" ">
    <subfield code="a">Germany</subfield>
    <subfield code="g">Deutschland</subfield>
    <subfield code="A">GND</subfield>
    <subfield code="B">GND-040118827</subfield>
    <subfield code="C">451</subfield>
  </datafield>
  <datafield tag="GGN" ind1=" " ind2=" ">
    <subfield code="a">Heiliges Römisches Reich</subfield>
    <subfield code="4">naaf</subfield>
    <subfield code="4">http://d-nb.info/standards/elementset/gnd#variantName</subfield>
    <subfield code="w">r</subfield>
    <subfield code="i">Alte Ansetzungsform</subfield>
    <subfield code="A">GND</subfield>
    <subfield code="B">GND-040118827</subfield>
    <subfield code="C">451</subfield>
  </datafield>
  <datafield tag="GGN" ind1=" " ind2=" ">
    <subfield code="a">Rheinbund</subfield>
    <subfield code="4">naaf</subfield>
    <subfield code="4">http://d-nb.info/standards/elementset/gnd#variantName</subfield>
    <subfield code="w">r</subfield>
    <subfield code="i">Alte Ansetzungsform</subfield>
    <subfield code="A">GND</subfield>
    <subfield code="B">GND-040118827</subfield>
    <subfield code="C">451</subfield>
  </datafield>
  <datafield tag="GGN" ind1=" " ind2=" ">
    <subfield code="a">Deutscher Bund</subfield>
    <subfield code="4">naaf</subfield>
    <subfield code="4">http://d-nb.info/standards/elementset/gnd#variantName</subfield>
    <subfield code="w">r</subfield>
    <subfield code="i">Alte Ansetzungsform</subfield>
    <subfield code="A">GND</subfield>
    <subfield code="B">GND-040118827</subfield>
    <subfield code="C">451</subfield>
  </datafield>
  <datafield tag="GGN" ind1=" " ind2=" ">
    <subfield code="a">Norddeutscher Bund</subfield>
    <subfield code="4">naaf</subfield>
    <subfield code="4">http://d-nb.info/standards/elementset/gnd#variantName</subfield>
    <subfield code="w">r</subfield>
    <subfield code="i">Alte Ansetzungsform</subfield>
    <subfield code="A">GND</subfield>
    <subfield code="B">GND-040118827</subfield>
    <subfield code="C">451</subfield>
  </datafield>
  <datafield tag="GGN" ind1=" " ind2=" ">
    <subfield code="a">Deutsches Reich</subfield>
    <subfield code="4">naaf</subfield>
    <subfield code="4">http://d-nb.info/standards/elementset/gnd#variantName</subfield>
    <subfield code="w">r</subfield>
    <subfield code="i">Alte Ansetzungsform</subfield>
    <subfield code="A">GND</subfield>
    <subfield code="B">GND-040118827</subfield>
    <subfield code="C">451</subfield>
  </datafield>
  <datafield tag="GGN" ind1=" " ind2=" ">
    <subfield code="a">Deutschland</subfield>
    <subfield code="g">Gebiet unter Alliierter Besatzung</subfield>
    <subfield code="4">naaf</subfield>
    <subfield code="4">http://d-nb.info/standards/elementset/gnd#variantName</subfield>
    <subfield code="w">r</subfield>
    <subfield code="i">Alte Ansetzungsform</subfield>
    <subfield code="A">GND</subfield>
    <subfield code="B">GND-040118827</subfield>
    <subfield code="C">451</subfield>
  </datafield>
  <datafield tag="GGN" ind1=" " ind2=" ">
    <subfield code="a">Deutschland</subfield>
    <subfield code="g">Bundesrepublik, 1990-</subfield>
    <subfield code="A">GND</subfield>
    <subfield code="B">GND-040118827</subfield>
    <subfield code="C">451</subfield>
  </datafield>
  <datafield tag="GGN" ind1=" " ind2=" ">
    <subfield code="a">BRD</subfield>
    <subfield code="g">1990-</subfield>
    <subfield code="A">GND</subfield>
    <subfield code="B">GND-040118827</subfield>
    <subfield code="C">451</subfield>
  </datafield>
  <datafield tag="GGN" ind1=" " ind2=" ">
    <subfield code="a">Federal Republic of Germany</subfield>
    <subfield code="g">Deutschland</subfield>
    <subfield code="A">GND</subfield>
    <subfield code="B">GND-040118827</subfield>
    <subfield code="C">451</subfield>
  </datafield>
  <datafield tag="GGN" ind1=" " ind2=" ">
    <subfield code="a">Republic of Germany</subfield>
    <subfield code="g">Deutschland</subfield>
    <subfield code="A">GND</subfield>
    <subfield code="B">GND-040118827</subfield>
    <subfield code="C">451</subfield>
  </datafield>
  <datafield tag="GGN" ind1=" " ind2=" ">
    <subfield code="a">Allemagne</subfield>
    <subfield code="g">Deutschland</subfield>
    <subfield code="A">GND</subfield>
    <subfield code="B">GND-040118827</subfield>
    <subfield code="C">451</subfield>
  </datafield>
  <datafield tag="GGN" ind1=" " ind2=" ">
    <subfield code="a">Ǧumhūrīyat Almāniyā al-Ittiḥādīya</subfield>
    <subfield code="A">GND</subfield>
    <subfield code="B">GND-040118827</subfield>
    <subfield code="C">451</subfield>
  </datafield>
  <datafield tag="GGN" ind1=" " ind2=" ">
    <subfield code="a">Bundesrepublik Deutschland</subfield>
    <subfield code="g">1990-</subfield>
    <subfield code="A">GND</subfield>
    <subfield code="B">GND-040118827</subfield>
    <subfield code="C">451</subfield>
  </datafield>
  <datafield tag="GGN" ind1=" " ind2=" ">
    <subfield code="a">BRD</subfield>
    <subfield code="4">abku</subfield>
    <subfield code="4">http://d-nb.info/standards/elementset/gnd#abbreviatedNameForThePlaceOrGeographicName</subfield>
    <subfield code="w">r</subfield>
    <subfield code="i">Abkuerzung</subfield>
    <subfield code="A">GND</subfield>
    <subfield code="B">GND-040118827</subfield>
    <subfield code="C">451</subfield>
  </datafield>
  <datafield tag="GGN" ind1=" " ind2=" ">
    <subfield code="a">Niemcy</subfield>
    <subfield code="A">GND</subfield>
    <subfield code="B">GND-040118827</subfield>
    <subfield code="C">451</subfield>
  </datafield>
  <datafield tag="GGN" ind1=" " ind2=" ">
    <subfield code="a">République Fédérale d'Allemagne</subfield>
    <subfield code="g">Deutschland</subfield>
    <subfield code="A">GND</subfield>
    <subfield code="B">GND-040118827</subfield>
    <subfield code="C">451</subfield>
  </datafield>
  <datafield tag="GGN" ind1=" " ind2=" ">
    <subfield code="a">Repubblica Federale di Germania</subfield>
    <subfield code="g">Deutschland</subfield>
    <subfield code="A">GND</subfield>
    <subfield code="B">GND-040118827</subfield>
    <subfield code="C">451</subfield>
  </datafield>
  <datafield tag="GGN" ind1=" " ind2=" ">
    <subfield code="a">Germanija</subfield>
    <subfield code="A">GND</subfield>
    <subfield code="B">GND-040118827</subfield>
    <subfield code="C">451</subfield>
  </datafield>
  <datafield tag="GGN" ind1=" " ind2=" ">
    <subfield code="a">Federativnaja Respublika Germanija</subfield>
    <subfield code="A">GND</subfield>
    <subfield code="B">GND-040118827</subfield>
    <subfield code="C">451</subfield>
  </datafield>
  <datafield tag="GGN" ind1=" " ind2=" ">
    <subfield code="a">FRG</subfield>
    <subfield code="4">abku</subfield>
    <subfield code="4">http://d-nb.info/standards/elementset/gnd#abbreviatedNameForThePlaceOrGeographicName</subfield>
    <subfield code="w">r</subfield>
    <subfield code="i">Abkuerzung</subfield>
    <subfield code="A">GND</subfield>
    <subfield code="B">GND-040118827</subfield>
    <subfield code="C">451</subfield>
  </datafield>
  <datafield tag="GGN" ind1=" " ind2=" ">
    <subfield code="a">Deyizhi-Lianbang-Gongheguo</subfield>
    <subfield code="A">GND</subfield>
    <subfield code="B">GND-040118827</subfield>
    <subfield code="C">451</subfield>
  </datafield>
  <datafield tag="GPN" ind1="1" ind2=" ">
    <subfield code="a">Becker, Thomas</subfield>
    <subfield code="d">1973-</subfield>
    <subfield code="A">GND</subfield>
    <subfield code="B">GND-133323862</subfield>
    <subfield code="C">400</subfield>
  </datafield>
  <datafield tag="GSI" ind1="7" ind2=" ">
    <subfield code="a">133323862</subfield>
    <subfield code="0">http://d-nb.info/gnd/133323862</subfield>
    <subfield code="2">gnd</subfield>
    <subfield code="A">GND</subfield>
    <subfield code="B">GND-133323862</subfield>
    <subfield code="C">024</subfield>
  </datafield>
</record>
